<!DOCTYPE html>
<meta charset="utf-8" />
<!-- version 1 -->
<title>[Gen 9 Champions] Draft replay: coachwisdom36 vs. samangos</title>
<style>
html,body {font-family:Verdana, sans-serif;font-size:10pt;margin:0;padding:0;}body{padding:12px 0;} .battle-log {font-family:Verdana, sans-serif;font-size:10pt;} .battle-log-inline {border:1px solid #AAAAAA;background:#EEF2F5;color:black;max-width:640px;margin:0 auto 80px;padding-bottom:5px;} .battle-log .inner {padding:4px 8px 0px 8px;} .battle-log .inner-preempt {padding:0 8px 4px 8px;} .battle-log .inner-after {margin-top:0.5em;} .battle-log h2 {margin:0.5em -8px;padding:4px 8px;border:1px solid #AAAAAA;background:#E0E7EA;border-left:0;border-right:0;font-family:Verdana, sans-serif;font-size:13pt;} .battle-log .chat {vertical-align:middle;padding:3px 0 3px 0;font-size:8pt;} .battle-log .chat strong {color:#40576A;} .battle-log .chat em {padding:1px 4px 1px 3px;color:#000000;font-style:normal;} .chat.mine {background:rgba(0,0,0,0.05);margin-left:-8px;margin-right:-8px;padding-left:8px;padding-right:8px;} .spoiler {color:#BBBBBB;background:#BBBBBB;padding:0px 3px;} .spoiler:hover, .spoiler:active, .spoiler-shown {color:#000000;background:#E2E2E2;padding:0px 3px;} .spoiler a {color:#BBBBBB;} .spoiler:hover a, .spoiler:active a, .spoiler-shown a {color:#2288CC;} .chat code, .chat .spoiler:hover code, .chat .spoiler:active code, .chat .spoiler-shown code {border:1px solid #C0C0C0;background:#EEEEEE;color:black;padding:0 2px;} .chat .spoiler code {border:1px solid #CCCCCC;background:#CCCCCC;color:#CCCCCC;} .battle-log .rated {padding:3px 4px;} .battle-log .rated strong {color:white;background:#89A;padding:1px 4px;border-radius:4px;} .spacer {margin-top:0.5em;} .message-announce {background:#6688AA;color:white;padding:1px 4px 2px;} .message-announce a, .broadcast-green a, .broadcast-blue a, .broadcast-red a {color:#DDEEFF;} .broadcast-green {background-color:#559955;color:white;padding:2px 4px;} .broadcast-blue {background-color:#6688AA;color:white;padding:2px 4px;} .infobox {border:1px solid #6688AA;padding:2px 4px;} .infobox-limited {max-height:200px;overflow:auto;overflow-x:hidden;} .broadcast-red {background-color:#AA5544;color:white;padding:2px 4px;} .message-learn-canlearn {font-weight:bold;color:#228822;text-decoration:underline;} .message-learn-cannotlearn {font-weight:bold;color:#CC2222;text-decoration:underline;} .message-effect-weak {font-weight:bold;color:#CC2222;} .message-effect-resist {font-weight:bold;color:#6688AA;} .message-effect-immune {font-weight:bold;color:#666666;} .message-learn-list {margin-top:0;margin-bottom:0;} .message-throttle-notice, .message-error {color:#992222;} .message-overflow, .chat small.message-overflow {font-size:0pt;} .message-overflow::before {font-size:9pt;content:'...';} .subtle {color:#3A4A66;}
</style>
<div class="wrapper replay-wrapper" style="max-width:1180px;margin:0 auto">
<input type="hidden" name="replayid" value="unregisteredserver-gen9championsdraft-64-jt1w8cktxmcupwhcliqbwm7a1b4j2ippw" />
<div class="battle"></div><div class="battle-log"></div><div class="replay-controls"></div><div class="replay-controls-2"></div>
<h1 style="font-weight:normal;text-align:center"><strong>[Gen 9 Champions] Draft</strong><br /><a href="http://pokemonshowdown.com/users/coachwisdom36" class="subtle" target="_blank">coachwisdom36</a> vs. <a href="http://pokemonshowdown.com/users/samangos" class="subtle" target="_blank">samangos</a></h1>
<script type="text/plain" class="battle-log-data">|j|☆coachwisdom36
|j|☆samangos

|t:|1780159797
|gametype|singles
|player|p1|coachwisdom36|lucas|
|player|p2|samangos|zinnia|
|gen|9
|tier|[Gen 9 Champions] Draft
|rule|Endless Battle Clause: Forcing endless battles is banned
|rule|Species Clause: Limit one of each Pokémon
|rule|Sleep Clause Mod: Limit one foe put to sleep
|rule|OHKO Clause: OHKO moves are banned
|rule|Evasion Clause: Evasion abilities, items, and moves are banned
|rule|Evasion Abilities Clause: Evasion abilities are banned
|rule|Evasion Items Clause: Evasion items are banned
|rule|Evasion Moves Clause: Evasion moves are banned
|clearpoke
|poke|p1|Fezandipiti, M|
|poke|p1|Mew, shiny|
|poke|p1|Ursaluna-Bloodmoon, M|
|poke|p1|Ceruledge, F, shiny|
|poke|p1|Prinplup, M, shiny|
|poke|p1|Archeops, M, shiny|
|poke|p2|Hitmontop, M|
|poke|p2|Meowscarada, F|
|poke|p2|Iron Valiant|
|poke|p2|Moltres|
|poke|p2|Victreebel, F|
|poke|p2|Tinkaton, F|
|teampreview
|c|☆coachwisdom36|glhf
|j| logmonster
|c|☆samangos|glgl!
|c| logmonster|gm
|c|☆samangos|holy
|c|☆samangos|not the 6 i was expecting
|
|t:|1780159993
|teamsize|p1|6
|teamsize|p2|6
|start
|switch|p1a: Flexcalibur|Ceruledge, F, shiny|100\/100
|switch|p2a: th shindig|Hitmontop, M|303\/303
|turn|1
|c| logmonster|nobody could have seen the prinplup archeops both coming frankly 
|
|t:|1780160043
|move|p1a: Flexcalibur|Poltergeist|p2a: th shindig
|-activate|p2a: th shindig|move: Poltergeist|Choice Band
|-damage|p2a: th shindig|34\/303
|-damage|p1a: Flexcalibur|91\/100|[from] item: Life Orb
|move|p2a: th shindig|Bulldoze|p1a: Flexcalibur
|-supereffective|p1a: Flexcalibur|1
|-damage|p1a: Flexcalibur|0 fnt
|faint|p1a: Flexcalibur
|
|upkeep
|
|t:|1780160115
|switch|p1a: Ancient Popo|Archeops, M, shiny|100\/100
|turn|2
|
|t:|1780160183
|switch|p2a: nuclear kittens|Tinkaton, F|374\/374
|-ability|p2a: nuclear kittens|Mold Breaker
|-item|p2a: nuclear kittens|Air Balloon
|move|p1a: Ancient Popo|Rock Slide|p2a: nuclear kittens
|-resisted|p2a: nuclear kittens|1
|-crit|p2a: nuclear kittens
|-damage|p2a: nuclear kittens|252\/374
|-enditem|p2a: nuclear kittens|Air Balloon
|
|upkeep
|turn|3
|
|t:|1780160266
|switch|p1a: Reginald|Prinplup, M, shiny|100\/100
|move|p2a: nuclear kittens|Gigaton Hammer|p1a: Reginald
|-resisted|p1a: Reginald|1
|-damage|p1a: Reginald|75\/100
|
|upkeep
|turn|4
|
|t:|1780160413
|move|p2a: nuclear kittens|Knock Off|p1a: Reginald
|-damage|p1a: Reginald|52\/100
|-enditem|p1a: Reginald|Eviolite|[from] move: Knock Off|[of] p2a: nuclear kittens
|move|p1a: Reginald|Flip Turn|p2a: nuclear kittens
|-damage|p2a: nuclear kittens|183\/374
|j| Joe Many
|
|t:|1780160630
|switch|p1a: Ancient Popo|Archeops, M, shiny|100\/100|[from] Flip Turn
|
|upkeep
|turn|5
|
|t:|1780160818
|switch|p1a: Reginald|Prinplup, M, shiny|52\/100
|move|p2a: nuclear kittens|Thunder Wave|p1a: Reginald
|-status|p1a: Reginald|par
|
|upkeep
|turn|6
|
|t:|1780160842
|move|p2a: nuclear kittens|Stealth Rock|p1a: Reginald
|-sidestart|p1: coachwisdom36|move: Stealth Rock
|cant|p1a: Reginald|par
|
|upkeep
|turn|7
|c|☆samangos|sorry
|c|☆coachwisdom36|its ok
|
|t:|1780160870
|move|p2a: nuclear kittens|Gigaton Hammer|p1a: Reginald
|-resisted|p1a: Reginald|1
|-damage|p1a: Reginald|9\/100 par
|move|p1a: Reginald|Scald|p2a: nuclear kittens
|-damage|p2a: nuclear kittens|101\/374
|
|upkeep
|turn|8
|
|t:|1780160912
|move|p2a: nuclear kittens|Knock Off|p1a: Reginald
|-damage|p1a: Reginald|0 fnt
|faint|p1a: Reginald
|
|upkeep
|l| Joe Many
|
|t:|1780160967
|switch|p1a: Big Mac|Ursaluna-Bloodmoon, M|100\/100
|-damage|p1a: Big Mac|94\/100|[from] Stealth Rock
|turn|9
|
|t:|1780161061
|move|p1a: Big Mac|Blood Moon|p2a: nuclear kittens
|-resisted|p2a: nuclear kittens|1
|-damage|p2a: nuclear kittens|0 fnt
|faint|p2a: nuclear kittens
|
|upkeep
|c|☆samangos|im so very confused
|
|t:|1780161329
|switch|p2a: th shindig|Hitmontop, M|34\/303
|turn|10
|
|t:|1780161355
|switch|p1a: Combo #2|Fezandipiti, M|100\/100
|-damage|p1a: Combo #2|88\/100|[from] Stealth Rock
|move|p2a: th shindig|Triple Axel|p1a: Combo #2
|-damage|p1a: Combo #2|78\/100
|-damage|p2a: th shindig|0 fnt|[from] item: Rocky Helmet|[of] p1a: Combo #2
|faint|p2a: th shindig
|-hitcount|p1a: Combo #2|1
|
|upkeep
|
|t:|1780161369
|switch|p2a: shiki|Iron Valiant|290\/290
|turn|11
|
|t:|1780161520
|move|p2a: shiki|Psyshock|p1a: Combo #2
|-supereffective|p1a: Combo #2|1
|-damage|p1a: Combo #2|32\/100
|move|p1a: Combo #2|Sludge Bomb|p2a: shiki
|-supereffective|p2a: shiki|1
|-damage|p2a: shiki|0 fnt
|faint|p2a: shiki
|-end|p2a: shiki|Quark Drive|[silent]
|
|upkeep
|
|t:|1780161530
|switch|p2a: chemicals|Victreebel, F|364\/364
|turn|12
|
|t:|1780161660
|detailschange|p2a: chemicals|Victreebel-Mega, F
|-mega|p2a: chemicals|Victreebel|Victreebelite
|move|p1a: Combo #2|Roost|p1a: Combo #2
|-heal|p1a: Combo #2|82\/100
|-singleturn|p1a: Combo #2|move: Roost
|move|p2a: chemicals|Leaf Blade|p1a: Combo #2
|-resisted|p1a: Combo #2|1
|-damage|p1a: Combo #2|63\/100
|-damage|p2a: chemicals|304\/364|[from] item: Rocky Helmet|[of] p1a: Combo #2
|
|upkeep
|turn|13
|
|t:|1780161764
|move|p1a: Combo #2|Roost|p1a: Combo #2
|-heal|p1a: Combo #2|100\/100
|-singleturn|p1a: Combo #2|move: Roost
|move|p2a: chemicals|Swords Dance|p2a: chemicals
|-boost|p2a: chemicals|atk|2
|
|upkeep
|turn|14
|
|t:|1780161774
|move|p1a: Combo #2|Sludge Bomb|p2a: chemicals
|-damage|p2a: chemicals|214\/364
|move|p2a: chemicals|Knock Off|p1a: Combo #2
|-resisted|p1a: Combo #2|1
|-damage|p1a: Combo #2|72\/100
|-damage|p2a: chemicals|154\/364|[from] item: Rocky Helmet|[of] p1a: Combo #2
|-enditem|p1a: Combo #2|Rocky Helmet|[from] move: Knock Off|[of] p2a: chemicals
|
|upkeep
|turn|15
|
|t:|1780161825
|move|p1a: Combo #2|Sludge Bomb|p2a: chemicals
|-damage|p2a: chemicals|69\/364
|move|p2a: chemicals|Strength Sap|p1a: Combo #2
|-unboost|p1a: Combo #2|atk|1
|-heal|p2a: chemicals|265\/364
|
|upkeep
|turn|16
|
|t:|1780161839
|move|p1a: Combo #2|Roost|p1a: Combo #2
|-heal|p1a: Combo #2|100\/100
|-singleturn|p1a: Combo #2|move: Roost
|move|p2a: chemicals|Leaf Blade|p1a: Combo #2
|-resisted|p1a: Combo #2|1
|-damage|p1a: Combo #2|62\/100
|
|upkeep
|turn|17
|
|t:|1780161847
|move|p1a: Combo #2|Sludge Bomb|p2a: chemicals
|-crit|p2a: chemicals
|-damage|p2a: chemicals|129\/364
|move|p2a: chemicals|Leaf Blade|p1a: Combo #2
|-resisted|p1a: Combo #2|1
|-damage|p1a: Combo #2|24\/100
|
|upkeep
|turn|18
|
|t:|1780161875
|move|p1a: Combo #2|Roost|p1a: Combo #2
|-heal|p1a: Combo #2|75\/100
|-singleturn|p1a: Combo #2|move: Roost
|move|p2a: chemicals|Strength Sap|p1a: Combo #2
|-unboost|p1a: Combo #2|atk|1
|-heal|p2a: chemicals|259\/364
|
|upkeep
|turn|19
|
|t:|1780161885
|move|p1a: Combo #2|Sludge Bomb|p2a: chemicals
|-crit|p2a: chemicals
|-damage|p2a: chemicals|118\/364
|move|p2a: chemicals|Leaf Blade|p1a: Combo #2
|-resisted|p1a: Combo #2|1
|-damage|p1a: Combo #2|33\/100
|
|upkeep
|turn|20
|c|☆coachwisdom36|im sorry
|c|☆samangos|damn
|
|t:|1780161924
|move|p1a: Combo #2|Roost|p1a: Combo #2
|-heal|p1a: Combo #2|83\/100
|-singleturn|p1a: Combo #2|move: Roost
|move|p2a: chemicals|Leaf Blade|p1a: Combo #2
|-resisted|p1a: Combo #2|1
|-damage|p1a: Combo #2|47\/100
|
|upkeep
|turn|21
|
|t:|1780161931
|move|p1a: Combo #2|Roost|p1a: Combo #2
|-heal|p1a: Combo #2|97\/100
|-singleturn|p1a: Combo #2|move: Roost
|move|p2a: chemicals|Leaf Blade|p1a: Combo #2
|-resisted|p1a: Combo #2|1
|-damage|p1a: Combo #2|59\/100
|
|upkeep
|turn|22
|
|t:|1780161956
|move|p1a: Combo #2|Sludge Bomb|p2a: chemicals
|-crit|p2a: chemicals
|-damage|p2a: chemicals|0 fnt
|-damage|p1a: Combo #2|26\/100|[from] ability: Innards Out|[of] p2a: chemicals
|faint|p2a: chemicals
|
|upkeep
|c|☆coachwisdom36|im soooo sorry
|c|☆samangos|that fuckin insane
|c|☆coachwisdom36|leaf blade no crits and i get 3
|c|☆samangos|nah thats just my luck
|c|☆samangos|i shouldnt be using any move with any chance of anything
|c|☆coachwisdom36|thats why i didnt say dont worry abt the first turn para on prin
|c|☆coachwisdom36|i expected return
|
|t:|1780162029
|switch|p2a: brazillian skies|Moltres|384\/384
|turn|23
|
|t:|1780162164
|move|p1a: Combo #2|Roost|p1a: Combo #2
|-heal|p1a: Combo #2|76\/100
|-singleturn|p1a: Combo #2|move: Roost
|move|p2a: brazillian skies|U-turn|p1a: Combo #2
|-resisted|p1a: Combo #2|2
|-damage|p1a: Combo #2|73\/100
|
|t:|1780162179
|switch|p2a: rises the moon|Meowscarada, F|300\/300|[from] U-turn
|
|upkeep
|turn|24
|
|t:|1780162230
|move|p2a: rises the moon|Triple Axel|p1a: Combo #2
|-start|p2a: rises the moon|typechange|Ice|[from] ability: Protean
|-damage|p1a: Combo #2|65\/100
|-damage|p1a: Combo #2|51\/100
|-damage|p1a: Combo #2|30\/100
|-hitcount|p1a: Combo #2|3
|move|p1a: Combo #2|Sludge Bomb|p2a: rises the moon
|-damage|p2a: rises the moon|186\/300
|
|upkeep
|turn|25
|
|t:|1780162282
|switch|p1a: mUwU|Mew, shiny|100\/100
|-damage|p1a: mUwU|88\/100|[from] Stealth Rock
|move|p2a: rises the moon|Triple Axel|p1a: mUwU|[miss]
|-miss|p2a: rises the moon|p1a: mUwU
|
|upkeep
|turn|26
|c|☆samangos|im gonna explode
|
|t:|1780162297
|switch|p2a: brazillian skies|Moltres|384\/384
|move|p1a: mUwU|Will-O-Wisp|p2a: brazillian skies
|-immune|p2a: brazillian skies
|
|upkeep
|turn|27
|
|t:|1780162362
|move|p1a: mUwU|Knock Off|p2a: brazillian skies
|-damage|p2a: brazillian skies|346\/384
|move|p2a: brazillian skies|U-turn|p1a: mUwU
|-supereffective|p1a: mUwU|1
|-damage|p1a: mUwU|64\/100
|
|t:|1780162367
|switch|p2a: rises the moon|Meowscarada, F|186\/300|[from] U-turn
|
|upkeep
|turn|28
|
|t:|1780162384
|move|p2a: rises the moon|U-turn|p1a: mUwU
|-start|p2a: rises the moon|typechange|Bug|[from] ability: Protean
|-supereffective|p1a: mUwU|1
|-damage|p1a: mUwU|14\/100
|-enditem|p1a: mUwU|Sitrus Berry|[eat]
|-heal|p1a: mUwU|38\/100|[from] item: Sitrus Berry
|
|t:|1780162391
|switch|p2a: brazillian skies|Moltres|346\/384|[from] U-turn
|move|p1a: mUwU|Stealth Rock|p2a: brazillian skies
|-sidestart|p2: samangos|move: Stealth Rock
|
|upkeep
|turn|29
|
|t:|1780162626
|move|p1a: mUwU|Hex|p2a: brazillian skies
|-damage|p2a: brazillian skies|286\/384
|move|p2a: brazillian skies|Will-O-Wisp|p1a: mUwU
|-status|p1a: mUwU|brn
|-activate|p1a: mUwU|ability: Synchronize
|-immune|p2a: brazillian skies
|
|-damage|p1a: mUwU|32\/100 brn|[from] brn
|upkeep
|turn|30
|
|t:|1780162642
|move|p1a: mUwU|Hex|p2a: brazillian skies
|-damage|p2a: brazillian skies|231\/384
|move|p2a: brazillian skies|Roost|p2a: brazillian skies
|-heal|p2a: brazillian skies|384\/384
|-singleturn|p2a: brazillian skies|move: Roost
|
|-damage|p1a: mUwU|26\/100 brn|[from] brn
|upkeep
|turn|31
|l| logmonster
|
|t:|1780162716
|switch|p1a: Combo #2|Fezandipiti, M|30\/100
|-damage|p1a: Combo #2|18\/100|[from] Stealth Rock
|move|p2a: brazillian skies|Brave Bird|p1a: Combo #2
|-damage|p1a: Combo #2|0 fnt
|faint|p1a: Combo #2
|-damage|p2a: brazillian skies|364\/384|[from] Recoil
|
|upkeep
|
|t:|1780162730
|switch|p1a: Ancient Popo|Archeops, M, shiny|100\/100
|-damage|p1a: Ancient Popo|75\/100|[from] Stealth Rock
|turn|32
|
|t:|1780162759
|move|p1a: Ancient Popo|Rock Slide|p2a: brazillian skies
|-supereffective|p2a: brazillian skies|2
|-damage|p2a: brazillian skies|0 fnt
|faint|p2a: brazillian skies
|
|upkeep
|
|t:|1780162764
|switch|p2a: rises the moon|Meowscarada, F|186\/300
|-damage|p2a: rises the moon|149\/300|[from] Stealth Rock
|turn|33
|
|t:|1780162803
|move|p2a: rises the moon|Triple Axel|p1a: Ancient Popo
|-start|p2a: rises the moon|typechange|Ice|[from] ability: Protean
|-supereffective|p1a: Ancient Popo|1
|-crit|p1a: Ancient Popo
|-damage|p1a: Ancient Popo|32\/100
|-supereffective|p1a: Ancient Popo|1
|-damage|p1a: Ancient Popo|0 fnt
|faint|p1a: Ancient Popo
|-hitcount|p1: Ancient Popo|2
|
|upkeep
|
|t:|1780162853
|switch|p1a: Big Mac|Ursaluna-Bloodmoon, M|94\/100
|-damage|p1a: Big Mac|88\/100|[from] Stealth Rock
|turn|34
|
|t:|1780162879
|move|p1a: Big Mac|Vacuum Wave|p2a: rises the moon
|-supereffective|p2a: rises the moon|1
|-damage|p2a: rises the moon|9\/300
|move|p2a: rises the moon|Triple Axel|p1a: Big Mac
|-supereffective|p1a: Big Mac|1
|-damage|p1a: Big Mac|74\/100
|-supereffective|p1a: Big Mac|1
|-damage|p1a: Big Mac|44\/100
|-supereffective|p1a: Big Mac|1
|-damage|p1a: Big Mac|0 fnt
|faint|p1a: Big Mac
|-hitcount|p1: Big Mac|3
|
|upkeep
|c|☆coachwisdom36|wow high roll
|c|☆coachwisdom36|gg
|
|t:|1780162899
|switch|p1a: mUwU|Mew, shiny|26\/100 brn
|-damage|p1a: mUwU|14\/100 brn|[from] Stealth Rock
|turn|35
|c|☆samangos|gg indeed
|
|t:|1780162920
|move|p2a: rises the moon|Triple Axel|p1a: mUwU
|-damage|p1a: mUwU|7\/100 brn
|-damage|p1a: mUwU|0 fnt
|faint|p1a: mUwU
|-hitcount|p1: mUwU|2
|
|win|samangos
|c|☆samangos|holyy
|c|☆samangos|my heart is racing
|c|☆coachwisdom36|i needed to go fez on the willo
|c|☆coachwisdom36|so i could roost\
|c|☆samangos|yeahh</script>
</div>
<div class="battle-log battle-log-inline"><div class="inner"><div class="battle-options"><div style="padding-top: 3px; padding-right: 3px; text-align: right"><button class="icon button" name="openBattleOptions" title="Options">Battle Options</button></div></div><div class="inner message-log"><div class="chat"><small>☆coachwisdom36 and ☆samangos joined</small></div><div class=""><small>Format:</small> <br><strong>[Gen 9 Champions] Draft</strong></div><div class=""><small><em>Endless Battle Clause:</em> Forcing endless battles is banned</small></div><div class=""><small><em>Species Clause:</em> Limit one of each Pokémon</small></div><div class=""><small><em>Sleep Clause Mod:</em> Limit one foe put to sleep</small></div><div class=""><small><em>OHKO Clause:</em> OHKO moves are banned</small></div><div class=""><small><em>Evasion Clause:</em> Evasion abilities, items, and moves are banned</small></div><div class=""><small><em>Evasion Abilities Clause:</em> Evasion abilities are banned</small></div><div class=""><small><em>Evasion Items Clause:</em> Evasion items are banned</small></div><div class=""><small><em>Evasion Moves Clause:</em> Evasion moves are banned</small></div><div class="chat battle-history"><strong>coachwisdom36's team:</strong> <em style="color:#445566;display:block;">Fezandipiti / Mew / Ursaluna-Bloodmoon / Ceruledge / Prinplup / Archeops</em></div><div class="chat battle-history"><strong>samangos's team:</strong> <em style="color:#445566;display:block;">Hitmontop / Meowscarada / Iron Valiant / Moltres / Victreebel / Tinkaton</em></div><div class="chat chatmessage-coachwisdom36"><strong style="color:#879136"><span class="username"><small class="groupsymbol">☆</small>coachwisdom36</span>:</strong> <em>glhf</em></div><div class="chat"><small> logmonster joined</small></div><div class="chat chatmessage-samangos mine"><strong style="color:#19a55f"><span class="username"><small class="groupsymbol">☆</small>samangos</span>:</strong> <em>glgl!</em></div><div class="chat chatmessage-logmonster"><strong style="color:#a36123"><span class="username"><small class="groupsymbol"> </small>logmonster</span>:</strong> <em>gm</em></div><div class="chat chatmessage-samangos mine"><strong style="color:#19a55f"><span class="username"><small class="groupsymbol">☆</small>samangos</span>:</strong> <em>holy</em></div><div class="chat chatmessage-samangos mine"><strong style="color:#19a55f"><span class="username"><small class="groupsymbol">☆</small>samangos</span>:</strong> <em>not the 6 i was expecting</em></div><div class="spacer battle-history"><br></div><div class="battle-history">Battle started between coachwisdom36 and samangos!<br></div><div class="spacer battle-history"><br></div><div class="battle-history">coachwisdom36 sent out Flexcalibur (<strong>Ceruledge</strong>)!<br></div><div class="spacer battle-history"><br></div><div class="battle-history">Go! th shindig (<strong>Hitmontop</strong>)!<br></div><div class="spacer battle-history"><br></div><h2 class="battle-history">Turn 1</h2><div class="chat chatmessage-logmonster"><strong style="color:#a36123"><span class="username"><small class="groupsymbol"> </small>logmonster</span>:</strong> <em>nobody could have seen the prinplup archeops both coming frankly </em></div><div class="spacer battle-history"><br></div><div class="battle-history">The opposing Flexcalibur used <strong>Poltergeist</strong>!<br></div><div class="battle-history"><small>th shindig is about to be attacked by its Choice Band!</small><br></div><div class="battle-history"><small>(th shindig lost <abbr title="−269/303">88.8%</abbr> of its health!)</small><br></div><div class="battle-history"><small>The opposing Flexcalibur lost some of its HP!</small><br></div><div class="spacer battle-history"><br></div><div class="battle-history">th shindig used <strong>Bulldoze</strong>!<br></div><div class="battle-history"><small>It's super effective!</small><br></div><div class="battle-history"><small>(The opposing Flexcalibur lost 91% of its health!)</small><br></div><div class="spacer battle-history"><br></div><div class="battle-history">The opposing Flexcalibur fainted!<br></div><div class="spacer battle-history"><br></div><div class="battle-history">coachwisdom36 sent out Ancient Popo (<strong>Archeops</strong>)!<br></div><div class="spacer battle-history"><br></div><h2 class="battle-history">Turn 2</h2><div class="spacer battle-history"><br></div><div class="battle-history">th shindig, come back!<br></div><div class="battle-history">Go! nuclear kittens (<strong>Tinkaton</strong>)!<br></div><div class="battle-history">[nuclear kittens's Mold Breaker]<br><small>nuclear kittens breaks the mold!</small><br></div><div class="battle-history"><small>nuclear kittens floats in the air with its Air Balloon!</small><br></div><div class="spacer battle-history"><br></div><div class="battle-history">The opposing Ancient Popo used <strong>Rock Slide</strong>!<br></div><div class="battle-history"><small>It's not very effective...</small><br></div><div class="battle-history"><small>A critical hit!</small><br></div><div class="battle-history"><small>(nuclear kittens lost <abbr title="−122/374">32.6%</abbr> of its health!)</small><br></div><div class="battle-history"><small>nuclear kittens's Air Balloon popped!</small><br></div><div class="spacer battle-history"><br></div><h2 class="battle-history">Turn 3</h2><div class="spacer battle-history"><br></div><div class="battle-history">coachwisdom36 withdrew Ancient Popo!<br></div><div class="battle-history">coachwisdom36 sent out Reginald (<strong>Prinplup</strong>)!<br></div><div class="spacer battle-history"><br></div><div class="battle-history">nuclear kittens used <strong>Gigaton Hammer</strong>!<br></div><div class="battle-history"><small>It's not very effective...</small><br></div><div class="battle-history"><small>(The opposing Reginald lost 25% of its health!)</small><br></div><div class="spacer battle-history"><br></div><h2 class="battle-history">Turn 4</h2><div class="spacer battle-history"><br></div><div class="battle-history">nuclear kittens used <strong>Knock Off</strong>!<br></div><div class="battle-history"><small>(The opposing Reginald lost 23% of its health!)</small><br></div><div class="battle-history"><small>nuclear kittens knocked off the opposing Reginald's Eviolite!</small><br></div><div class="spacer battle-history"><br></div><div class="battle-history">The opposing Reginald used <strong>Flip Turn</strong>!<br></div><div class="battle-history"><small>(nuclear kittens lost <abbr title="−69/374">18.4%</abbr> of its health!)</small><br></div><div class="chat"><small> Joe Many joined</small></div><div class="spacer battle-history"><br></div><div class="battle-history">The opposing Reginald went back to coachwisdom36!<br></div><div class="battle-history">coachwisdom36 sent out Ancient Popo (<strong>Archeops</strong>)!<br></div><div class="spacer battle-history"><br></div><h2 class="battle-history">Turn 5</h2><div class="spacer battle-history"><br></div><div class="battle-history">coachwisdom36 withdrew Ancient Popo!<br></div><div class="battle-history">coachwisdom36 sent out Reginald (<strong>Prinplup</strong>)!<br></div><div class="spacer battle-history"><br></div><div class="battle-history">nuclear kittens used <strong>Thunder Wave</strong>!<br></div><div class="battle-history"><small>The opposing Reginald is paralyzed! It may be unable to move!</small><br></div><div class="spacer battle-history"><br></div><h2 class="battle-history">Turn 6</h2><div class="spacer battle-history"><br></div><div class="battle-history">nuclear kittens used <strong>Stealth Rock</strong>!<br></div><div class="battle-history"><small>Pointed stones float in the air around the opposing team!</small><br></div><div class="spacer battle-history"><br></div><div class="battle-history">The opposing Reginald is paralyzed! It can't move!<br></div><div class="spacer battle-history"><br></div><h2 class="battle-history">Turn 7</h2><div class="chat chatmessage-samangos mine"><strong style="color:#19a55f"><span class="username"><small class="groupsymbol">☆</small>samangos</span>:</strong> <em>sorry</em></div><div class="chat chatmessage-coachwisdom36"><strong style="color:#879136"><span class="username"><small class="groupsymbol">☆</small>coachwisdom36</span>:</strong> <em>its ok</em></div><div class="spacer battle-history"><br></div><div class="battle-history">nuclear kittens used <strong>Gigaton Hammer</strong>!<br></div><div class="battle-history"><small>It's not very effective...</small><br></div><div class="battle-history"><small>(The opposing Reginald lost 43% of its health!)</small><br></div><div class="spacer battle-history"><br></div><div class="battle-history">The opposing Reginald used <strong>Scald</strong>!<br></div><div class="battle-history"><small>(nuclear kittens lost <abbr title="−82/374">21.9%</abbr> of its health!)</small><br></div><div class="spacer battle-history"><br></div><h2 class="battle-history">Turn 8</h2><div class="spacer battle-history"><br></div><div class="battle-history">nuclear kittens used <strong>Knock Off</strong>!<br></div><div class="battle-history"><small>(The opposing Reginald lost 9% of its health!)</small><br></div><div class="spacer battle-history"><br></div><div class="battle-history">The opposing Reginald fainted!<br></div><div class="chat"><small> Joe Many left</small></div><div class="spacer battle-history"><br></div><div class="battle-history">coachwisdom36 sent out Big Mac (<strong>Ursaluna-Bloodmoon</strong>)!<br></div><div class="battle-history"><small>Pointed stones dug into the opposing Big Mac!</small><br></div><div class="spacer battle-history"><br></div><h2 class="battle-history">Turn 9</h2><div class="spacer battle-history"><br></div><div class="battle-history">The opposing Big Mac used <strong>Blood Moon</strong>!<br></div><div class="battle-history"><small>It's not very effective...</small><br></div><div class="battle-history"><small>(nuclear kittens lost <abbr title="−101/374">27.0%</abbr> of its health!)</small><br></div><div class="spacer battle-history"><br></div><div class="battle-history">nuclear kittens fainted!<br></div><div class="chat chatmessage-samangos mine"><strong style="color:#19a55f"><span class="username"><small class="groupsymbol">☆</small>samangos</span>:</strong> <em>im so very confused</em></div><div class="spacer battle-history"><br></div><div class="battle-history">Go! th shindig (<strong>Hitmontop</strong>)!<br></div><div class="spacer battle-history"><br></div><h2 class="battle-history">Turn 10</h2><div class="spacer battle-history"><br></div><div class="battle-history">coachwisdom36 withdrew Big Mac!<br></div><div class="battle-history">coachwisdom36 sent out Combo #2 (<strong>Fezandipiti</strong>)!<br></div><div class="battle-history"><small>Pointed stones dug into the opposing Combo #2!</small><br></div><div class="spacer battle-history"><br></div><div class="battle-history">th shindig used <strong>Triple Axel</strong>!<br></div><div class="battle-history"><small>(The opposing Combo #2 lost 10% of its health!)</small><br></div><div class="battle-history"><small>th shindig was hurt by the Rocky Helmet!</small><br></div><div class="spacer battle-history"><br></div><div class="battle-history">th shindig fainted!<br></div><div class="battle-history"><small>The Pokémon was hit 1 time!</small><br></div><div class="spacer battle-history"><br></div><div class="battle-history">Go! shiki (<strong>Iron Valiant</strong>)!<br></div><div class="spacer battle-history"><br></div><h2 class="battle-history">Turn 11</h2><div class="spacer battle-history"><br></div><div class="battle-history">shiki used <strong>Psyshock</strong>!<br></div><div class="battle-history"><small>It's super effective!</small><br></div><div class="battle-history"><small>(The opposing Combo #2 lost 46% of its health!)</small><br></div><div class="spacer battle-history"><br></div><div class="battle-history">The opposing Combo #2 used <strong>Sludge Bomb</strong>!<br></div><div class="battle-history"><small>It's super effective!</small><br></div><div class="battle-history"><small>(shiki lost <abbr title="−290/290">100%</abbr> of its health!)</small><br></div><div class="spacer battle-history"><br></div><div class="battle-history">shiki fainted!<br></div><div class="spacer battle-history"><br></div><div class="battle-history">Go! chemicals (<strong>Victreebel</strong>)!<br></div><div class="spacer battle-history"><br></div><h2 class="battle-history">Turn 12</h2><div class="spacer battle-history"><br></div><div class="battle-history"><small>chemicals's Victreebelite is reacting to the Key Stone!</small><br>chemicals has Mega Evolved into Mega Victreebel!<br></div><div class="spacer battle-history"><br></div><div class="battle-history">The opposing Combo #2 used <strong>Roost</strong>!<br></div><div class="battle-history"><small>The opposing Combo #2 had its HP restored.</small><br></div><div class="spacer battle-history"><br></div><div class="battle-history">chemicals used <strong>Leaf Blade</strong>!<br></div><div class="battle-history"><small>It's not very effective...</small><br></div><div class="battle-history"><small>(The opposing Combo #2 lost 19% of its health!)</small><br></div><div class="battle-history"><small>chemicals was hurt by the Rocky Helmet!</small><br></div><div class="spacer battle-history"><br></div><h2 class="battle-history">Turn 13</h2><div class="spacer battle-history"><br></div><div class="battle-history">The opposing Combo #2 used <strong>Roost</strong>!<br></div><div class="battle-history"><small>The opposing Combo #2 had its HP restored.</small><br></div><div class="spacer battle-history"><br></div><div class="battle-history">chemicals used <strong>Swords Dance</strong>!<br></div><div class="battle-history"><small>chemicals's Attack rose sharply!</small><br></div><div class="spacer battle-history"><br></div><h2 class="battle-history">Turn 14</h2><div class="spacer battle-history"><br></div><div class="battle-history">The opposing Combo #2 used <strong>Sludge Bomb</strong>!<br></div><div class="battle-history"><small>(chemicals lost <abbr title="−90/364">24.7%</abbr> of its health!)</small><br></div><div class="spacer battle-history"><br></div><div class="battle-history">chemicals used <strong>Knock Off</strong>!<br></div><div class="battle-history"><small>It's not very effective...</small><br></div><div class="battle-history"><small>(The opposing Combo #2 lost 28% of its health!)</small><br></div><div class="battle-history"><small>chemicals was hurt by the Rocky Helmet!</small><br></div><div class="battle-history"><small>chemicals knocked off the opposing Combo #2's Rocky Helmet!</small><br></div><div class="spacer battle-history"><br></div><h2 class="battle-history">Turn 15</h2><div class="spacer battle-history"><br></div><div class="battle-history">The opposing Combo #2 used <strong>Sludge Bomb</strong>!<br></div><div class="battle-history"><small>(chemicals lost <abbr title="−85/364">23.4%</abbr> of its health!)</small><br></div><div class="spacer battle-history"><br></div><div class="battle-history">chemicals used <strong>Strength Sap</strong>!<br></div><div class="battle-history"><small>The opposing Combo #2's Attack fell!</small><br></div><div class="battle-history"><small>chemicals had its HP restored.</small><br></div><div class="spacer battle-history"><br></div><h2 class="battle-history">Turn 16</h2><div class="spacer battle-history"><br></div><div class="battle-history">The opposing Combo #2 used <strong>Roost</strong>!<br></div><div class="battle-history"><small>The opposing Combo #2 had its HP restored.</small><br></div><div class="spacer battle-history"><br></div><div class="battle-history">chemicals used <strong>Leaf Blade</strong>!<br></div><div class="battle-history"><small>It's not very effective...</small><br></div><div class="battle-history"><small>(The opposing Combo #2 lost 38% of its health!)</small><br></div><div class="spacer battle-history"><br></div><h2 class="battle-history">Turn 17</h2><div class="spacer battle-history"><br></div><div class="battle-history">The opposing Combo #2 used <strong>Sludge Bomb</strong>!<br></div><div class="battle-history"><small>A critical hit!</small><br></div><div class="battle-history"><small>(chemicals lost <abbr title="−136/364">37.4%</abbr> of its health!)</small><br></div><div class="spacer battle-history"><br></div><div class="battle-history">chemicals used <strong>Leaf Blade</strong>!<br></div><div class="battle-history"><small>It's not very effective...</small><br></div><div class="battle-history"><small>(The opposing Combo #2 lost 38% of its health!)</small><br></div><div class="spacer battle-history"><br></div><h2 class="battle-history">Turn 18</h2><div class="spacer battle-history"><br></div><div class="battle-history">The opposing Combo #2 used <strong>Roost</strong>!<br></div><div class="battle-history"><small>The opposing Combo #2 had its HP restored.</small><br></div><div class="spacer battle-history"><br></div><div class="battle-history">chemicals used <strong>Strength Sap</strong>!<br></div><div class="battle-history"><small>The opposing Combo #2's Attack fell!</small><br></div><div class="battle-history"><small>chemicals had its HP restored.</small><br></div><div class="spacer battle-history"><br></div><h2 class="battle-history">Turn 19</h2><div class="spacer battle-history"><br></div><div class="battle-history">The opposing Combo #2 used <strong>Sludge Bomb</strong>!<br></div><div class="battle-history"><small>A critical hit!</small><br></div><div class="battle-history"><small>(chemicals lost <abbr title="−141/364">38.7%</abbr> of its health!)</small><br></div><div class="spacer battle-history"><br></div><div class="battle-history">chemicals used <strong>Leaf Blade</strong>!<br></div><div class="battle-history"><small>It's not very effective...</small><br></div><div class="battle-history"><small>(The opposing Combo #2 lost 42% of its health!)</small><br></div><div class="spacer battle-history"><br></div><h2 class="battle-history">Turn 20</h2><div class="chat chatmessage-coachwisdom36"><strong style="color:#879136"><span class="username"><small class="groupsymbol">☆</small>coachwisdom36</span>:</strong> <em>im sorry</em></div><div class="chat chatmessage-samangos mine"><strong style="color:#19a55f"><span class="username"><small class="groupsymbol">☆</small>samangos</span>:</strong> <em>damn</em></div><div class="spacer battle-history"><br></div><div class="battle-history">The opposing Combo #2 used <strong>Roost</strong>!<br></div><div class="battle-history"><small>The opposing Combo #2 had its HP restored.</small><br></div><div class="spacer battle-history"><br></div><div class="battle-history">chemicals used <strong>Leaf Blade</strong>!<br></div><div class="battle-history"><small>It's not very effective...</small><br></div><div class="battle-history"><small>(The opposing Combo #2 lost 36% of its health!)</small><br></div><div class="spacer battle-history"><br></div><h2 class="battle-history">Turn 21</h2><div class="spacer battle-history"><br></div><div class="battle-history">The opposing Combo #2 used <strong>Roost</strong>!<br></div><div class="battle-history"><small>The opposing Combo #2 had its HP restored.</small><br></div><div class="spacer battle-history"><br></div><div class="battle-history">chemicals used <strong>Leaf Blade</strong>!<br></div><div class="battle-history"><small>It's not very effective...</small><br></div><div class="battle-history"><small>(The opposing Combo #2 lost 38% of its health!)</small><br></div><div class="spacer battle-history"><br></div><h2 class="battle-history">Turn 22</h2><div class="spacer battle-history"><br></div><div class="battle-history">The opposing Combo #2 used <strong>Sludge Bomb</strong>!<br></div><div class="battle-history"><small>A critical hit!</small><br></div><div class="battle-history"><small>(chemicals lost <abbr title="−118/364">32.4%</abbr> of its health!)</small><br></div><div class="battle-history">[chemicals's Innards Out]<br><small>The opposing Combo #2 was hurt!</small><br></div><div class="spacer battle-history"><br></div><div class="battle-history">chemicals fainted!<br></div><div class="chat chatmessage-coachwisdom36"><strong style="color:#879136"><span class="username"><small class="groupsymbol">☆</small>coachwisdom36</span>:</strong> <em>im soooo sorry</em></div><div class="chat chatmessage-samangos mine"><strong style="color:#19a55f"><span class="username"><small class="groupsymbol">☆</small>samangos</span>:</strong> <em>that fuckin insane</em></div><div class="chat chatmessage-coachwisdom36"><strong style="color:#879136"><span class="username"><small class="groupsymbol">☆</small>coachwisdom36</span>:</strong> <em>leaf blade no crits and i get 3</em></div><div class="chat chatmessage-samangos mine"><strong style="color:#19a55f"><span class="username"><small class="groupsymbol">☆</small>samangos</span>:</strong> <em>nah thats just my luck</em></div><div class="chat chatmessage-samangos mine"><strong style="color:#19a55f"><span class="username"><small class="groupsymbol">☆</small>samangos</span>:</strong> <em>i shouldnt be using any move with any chance of anything</em></div><div class="chat chatmessage-coachwisdom36"><strong style="color:#879136"><span class="username"><small class="groupsymbol">☆</small>coachwisdom36</span>:</strong> <em>thats why i didnt say dont worry abt the first turn para on prin</em></div><div class="chat chatmessage-coachwisdom36"><strong style="color:#879136"><span class="username"><small class="groupsymbol">☆</small>coachwisdom36</span>:</strong> <em>i expected return</em></div><div class="spacer battle-history"><br></div><div class="battle-history">Go! brazillian skies (<strong>Moltres</strong>)!<br></div><div class="spacer battle-history"><br></div><h2 class="battle-history">Turn 23</h2><div class="spacer battle-history"><br></div><div class="battle-history">The opposing Combo #2 used <strong>Roost</strong>!<br></div><div class="battle-history"><small>The opposing Combo #2 had its HP restored.</small><br></div><div class="spacer battle-history"><br></div><div class="battle-history">brazillian skies used <strong>U-turn</strong>!<br></div><div class="battle-history"><small>It's mostly ineffective...</small><br></div><div class="battle-history"><small>(The opposing Combo #2 lost 3% of its health!)</small><br></div><div class="spacer battle-history"><br></div><div class="battle-history">brazillian skies went back to samangos!<br></div><div class="battle-history">Go! rises the moon (<strong>Meowscarada</strong>)!<br></div><div class="spacer battle-history"><br></div><h2 class="battle-history">Turn 24</h2><div class="spacer battle-history"><br></div><div class="battle-history">rises the moon used <strong>Triple Axel</strong>!<br></div><div class="spacer battle-history"><br></div><div class="battle-history">[rises the moon's Protean]<br><small>rises the moon's type changed to Ice!</small><br></div><div class="battle-history"><small>(The opposing Combo #2 lost 8% of its health!)</small><br></div><div class="battle-history"><small>(The opposing Combo #2 lost 14% of its health!)</small><br></div><div class="battle-history"><small>(The opposing Combo #2 lost 21% of its health!)</small><br></div><div class="battle-history"><small>The Pokémon was hit 3 times!</small><br></div><div class="spacer battle-history"><br></div><div class="battle-history">The opposing Combo #2 used <strong>Sludge Bomb</strong>!<br></div><div class="battle-history"><small>(rises the moon lost <abbr title="−114/300">38%</abbr> of its health!)</small><br></div><div class="spacer battle-history"><br></div><h2 class="battle-history">Turn 25</h2><div class="spacer battle-history"><br></div><div class="battle-history">coachwisdom36 withdrew Combo #2!<br></div><div class="battle-history">coachwisdom36 sent out mUwU (<strong>Mew</strong>)!<br></div><div class="battle-history"><small>Pointed stones dug into the opposing mUwU!</small><br></div><div class="spacer battle-history"><br></div><div class="battle-history">rises the moon used <strong>Triple Axel</strong>!<br></div><div class="battle-history"><small>The opposing mUwU avoided the attack!</small><br></div><div class="spacer battle-history"><br></div><h2 class="battle-history">Turn 26</h2><div class="chat chatmessage-samangos mine"><strong style="color:#19a55f"><span class="username"><small class="groupsymbol">☆</small>samangos</span>:</strong> <em>im gonna explode</em></div><div class="spacer battle-history"><br></div><div class="battle-history">rises the moon, come back!<br></div><div class="battle-history">Go! brazillian skies (<strong>Moltres</strong>)!<br></div><div class="spacer battle-history"><br></div><div class="battle-history">The opposing mUwU used <strong>Will-O-Wisp</strong>!<br></div><div class="battle-history"><small>It doesn't affect brazillian skies...</small><br></div><div class="spacer battle-history"><br></div><h2 class="battle-history">Turn 27</h2><div class="spacer battle-history"><br></div><div class="battle-history">The opposing mUwU used <strong>Knock Off</strong>!<br></div><div class="battle-history"><small>(brazillian skies lost <abbr title="−38/384">9.9%</abbr> of its health!)</small><br></div><div class="spacer battle-history"><br></div><div class="battle-history">brazillian skies used <strong>U-turn</strong>!<br></div><div class="battle-history"><small>It's super effective!</small><br></div><div class="battle-history"><small>(The opposing mUwU lost 24% of its health!)</small><br></div><div class="spacer battle-history"><br></div><div class="battle-history">brazillian skies went back to samangos!<br></div><div class="battle-history">Go! rises the moon (<strong>Meowscarada</strong>)!<br></div><div class="spacer battle-history"><br></div><h2 class="battle-history">Turn 28</h2><div class="spacer battle-history"><br></div><div class="battle-history">rises the moon used <strong>U-turn</strong>!<br></div><div class="spacer battle-history"><br></div><div class="battle-history">[rises the moon's Protean]<br><small>rises the moon's type changed to Bug!</small><br></div><div class="battle-history"><small>It's super effective!</small><br></div><div class="battle-history"><small>(The opposing mUwU lost 50% of its health!)</small><br></div><div class="battle-history"><small>(The opposing mUwU ate its Sitrus Berry!)</small><br></div><div class="battle-history"><small>The opposing mUwU restored HP using its Sitrus Berry!</small><br></div><div class="spacer battle-history"><br></div><div class="battle-history">rises the moon went back to samangos!<br></div><div class="battle-history">Go! brazillian skies (<strong>Moltres</strong>)!<br></div><div class="spacer battle-history"><br></div><div class="battle-history">The opposing mUwU used <strong>Stealth Rock</strong>!<br></div><div class="battle-history"><small>Pointed stones float in the air around your team!</small><br></div><div class="spacer battle-history"><br></div><h2 class="battle-history">Turn 29</h2><div class="spacer battle-history"><br></div><div class="battle-history">The opposing mUwU used <strong>Hex</strong>!<br></div><div class="battle-history"><small>(brazillian skies lost <abbr title="−60/384">15.6%</abbr> of its health!)</small><br></div><div class="spacer battle-history"><br></div><div class="battle-history">brazillian skies used <strong>Will-O-Wisp</strong>!<br></div><div class="battle-history"><small>The opposing mUwU was burned!</small><br></div><div class="battle-history">[The opposing mUwU's Synchronize]<br></div><div class="battle-history"><small>It doesn't affect brazillian skies...</small><br></div><div class="spacer battle-history"><br></div><div class="battle-history"><small>The opposing mUwU was hurt by its burn!</small><br></div><div class="spacer battle-history"><br></div><h2 class="battle-history">Turn 30</h2><div class="spacer battle-history"><br></div><div class="battle-history">The opposing mUwU used <strong>Hex</strong>!<br></div><div class="battle-history"><small>(brazillian skies lost <abbr title="−55/384">14.3%</abbr> of its health!)</small><br></div><div class="spacer battle-history"><br></div><div class="battle-history">brazillian skies used <strong>Roost</strong>!<br></div><div class="battle-history"><small>brazillian skies had its HP restored.</small><br></div><div class="battle-history"><small>(brazillian skies loses Flying type this turn.)</small><br></div><div class="spacer battle-history"><br></div><div class="battle-history"><small>The opposing mUwU was hurt by its burn!</small><br></div><div class="spacer battle-history"><br></div><h2 class="battle-history">Turn 31</h2><div class="chat"><small> logmonster left</small></div><div class="spacer battle-history"><br></div><div class="battle-history">coachwisdom36 withdrew mUwU!<br></div><div class="battle-history">coachwisdom36 sent out Combo #2 (<strong>Fezandipiti</strong>)!<br></div><div class="battle-history"><small>Pointed stones dug into the opposing Combo #2!</small><br></div><div class="spacer battle-history"><br></div><div class="battle-history">brazillian skies used <strong>Brave Bird</strong>!<br></div><div class="battle-history"><small>(The opposing Combo #2 lost 18% of its health!)</small><br></div><div class="spacer battle-history"><br></div><div class="battle-history">The opposing Combo #2 fainted!<br></div><div class="battle-history"><small>brazillian skies was damaged by the recoil!</small><br></div><div class="spacer battle-history"><br></div><div class="battle-history">coachwisdom36 sent out Ancient Popo (<strong>Archeops</strong>)!<br></div><div class="battle-history"><small>Pointed stones dug into the opposing Ancient Popo!</small><br></div><div class="spacer battle-history"><br></div><h2 class="battle-history">Turn 32</h2><div class="spacer battle-history"><br></div><div class="battle-history">The opposing Ancient Popo used <strong>Rock Slide</strong>!<br></div><div class="battle-history"><small>It's extremely effective!</small><br></div><div class="battle-history"><small>(brazillian skies lost <abbr title="−364/384">94.8%</abbr> of its health!)</small><br></div><div class="spacer battle-history"><br></div><div class="battle-history">brazillian skies fainted!<br></div><div class="spacer battle-history"><br></div><div class="battle-history">Go! rises the moon (<strong>Meowscarada</strong>)!<br></div><div class="battle-history"><small>Pointed stones dug into rises the moon!</small><br></div><div class="spacer battle-history"><br></div><h2 class="battle-history">Turn 33</h2><div class="spacer battle-history"><br></div><div class="battle-history">rises the moon used <strong>Triple Axel</strong>!<br></div><div class="spacer battle-history"><br></div><div class="battle-history">[rises the moon's Protean]<br><small>rises the moon's type changed to Ice!</small><br></div><div class="battle-history"><small>It's super effective!</small><br></div><div class="battle-history"><small>A critical hit!</small><br></div><div class="battle-history"><small>(The opposing Ancient Popo lost 43% of its health!)</small><br></div><div class="battle-history"><small>It's super effective!</small><br></div><div class="battle-history"><small>(The opposing Ancient Popo lost 32% of its health!)</small><br></div><div class="spacer battle-history"><br></div><div class="battle-history">The opposing Ancient Popo fainted!<br></div><div class="battle-history"><small>The Pokémon was hit 2 times!</small><br></div><div class="spacer battle-history"><br></div><div class="battle-history">coachwisdom36 sent out Big Mac (<strong>Ursaluna-Bloodmoon</strong>)!<br></div><div class="battle-history"><small>Pointed stones dug into the opposing Big Mac!</small><br></div><div class="spacer battle-history"><br></div><h2 class="battle-history">Turn 34</h2><div class="spacer battle-history"><br></div><div class="battle-history">The opposing Big Mac used <strong>Vacuum Wave</strong>!<br></div><div class="battle-history"><small>It's super effective!</small><br></div><div class="battle-history"><small>(rises the moon lost <abbr title="−140/300">46.7%</abbr> of its health!)</small><br></div><div class="spacer battle-history"><br></div><div class="battle-history">rises the moon used <strong>Triple Axel</strong>!<br></div><div class="battle-history"><small>It's super effective!</small><br></div><div class="battle-history"><small>(The opposing Big Mac lost 14% of its health!)</small><br></div><div class="battle-history"><small>It's super effective!</small><br></div><div class="battle-history"><small>(The opposing Big Mac lost 30% of its health!)</small><br></div><div class="battle-history"><small>It's super effective!</small><br></div><div class="battle-history"><small>(The opposing Big Mac lost 44% of its health!)</small><br></div><div class="spacer battle-history"><br></div><div class="battle-history">The opposing Big Mac fainted!<br></div><div class="battle-history"><small>The Pokémon was hit 3 times!</small><br></div><div class="chat chatmessage-coachwisdom36"><strong style="color:#879136"><span class="username"><small class="groupsymbol">☆</small>coachwisdom36</span>:</strong> <em>wow high roll</em></div><div class="chat chatmessage-coachwisdom36"><strong style="color:#879136"><span class="username"><small class="groupsymbol">☆</small>coachwisdom36</span>:</strong> <em>gg</em></div><div class="spacer battle-history"><br></div><div class="battle-history">coachwisdom36 sent out mUwU (<strong>Mew</strong>)!<br></div><div class="battle-history"><small>Pointed stones dug into the opposing mUwU!</small><br></div><div class="spacer battle-history"><br></div><h2 class="battle-history">Turn 35</h2><div class="chat chatmessage-samangos mine"><strong style="color:#19a55f"><span class="username"><small class="groupsymbol">☆</small>samangos</span>:</strong> <em>gg indeed</em></div><div class="spacer battle-history"><br></div><div class="battle-history">rises the moon used <strong>Triple Axel</strong>!<br></div><div class="battle-history"><small>(The opposing mUwU lost 7% of its health!)</small><br></div><div class="battle-history"><small>(The opposing mUwU lost 7% of its health!)</small><br></div><div class="spacer battle-history"><br></div><div class="battle-history">The opposing mUwU fainted!<br></div><div class="battle-history"><small>The Pokémon was hit 2 times!</small><br></div><div class="spacer battle-history"><br></div><div class="battle-history"><strong>samangos</strong> won the battle!<br></div><div class="chat chatmessage-samangos mine"><strong style="color:#19a55f"><span class="username"><small class="groupsymbol">☆</small>samangos</span>:</strong> <em>holyy</em></div><div class="chat chatmessage-samangos mine"><strong style="color:#19a55f"><span class="username"><small class="groupsymbol">☆</small>samangos</span>:</strong> <em>my heart is racing</em></div><div class="chat chatmessage-coachwisdom36"><strong style="color:#879136"><span class="username"><small class="groupsymbol">☆</small>coachwisdom36</span>:</strong> <em>i needed to go fez on the willo</em></div><div class="chat chatmessage-coachwisdom36"><strong style="color:#879136"><span class="username"><small class="groupsymbol">☆</small>coachwisdom36</span>:</strong> <em>so i could roost\</em></div><div class="chat chatmessage-samangos mine"><strong style="color:#19a55f"><span class="username"><small class="groupsymbol">☆</small>samangos</span>:</strong> <em>yeahh</em></div></div><div class="inner-preempt message-log"></div></div></div>
</div>
<script>
let daily = Math.floor(Date.now()/1000/60/60/24);document.write('<script src="https://play.pokemonshowdown.com/js/replay-embed.js?version'+daily+'"></'+'script>');
</script>
