<!DOCTYPE html>
<meta charset="utf-8" />
<!-- version 1 -->
<title>[Gen 9 Champions] Custom Game replay: Timbejon vs. samangos</title>
<style>
html,body {font-family:Verdana, sans-serif;font-size:10pt;margin:0;padding:0;}body{padding:12px 0;} .battle-log {font-family:Verdana, sans-serif;font-size:10pt;} .battle-log-inline {border:1px solid #AAAAAA;background:#EEF2F5;color:black;max-width:640px;margin:0 auto 80px;padding-bottom:5px;} .battle-log .inner {padding:4px 8px 0px 8px;} .battle-log .inner-preempt {padding:0 8px 4px 8px;} .battle-log .inner-after {margin-top:0.5em;} .battle-log h2 {margin:0.5em -8px;padding:4px 8px;border:1px solid #AAAAAA;background:#E0E7EA;border-left:0;border-right:0;font-family:Verdana, sans-serif;font-size:13pt;} .battle-log .chat {vertical-align:middle;padding:3px 0 3px 0;font-size:8pt;} .battle-log .chat strong {color:#40576A;} .battle-log .chat em {padding:1px 4px 1px 3px;color:#000000;font-style:normal;} .chat.mine {background:rgba(0,0,0,0.05);margin-left:-8px;margin-right:-8px;padding-left:8px;padding-right:8px;} .spoiler {color:#BBBBBB;background:#BBBBBB;padding:0px 3px;} .spoiler:hover, .spoiler:active, .spoiler-shown {color:#000000;background:#E2E2E2;padding:0px 3px;} .spoiler a {color:#BBBBBB;} .spoiler:hover a, .spoiler:active a, .spoiler-shown a {color:#2288CC;} .chat code, .chat .spoiler:hover code, .chat .spoiler:active code, .chat .spoiler-shown code {border:1px solid #C0C0C0;background:#EEEEEE;color:black;padding:0 2px;} .chat .spoiler code {border:1px solid #CCCCCC;background:#CCCCCC;color:#CCCCCC;} .battle-log .rated {padding:3px 4px;} .battle-log .rated strong {color:white;background:#89A;padding:1px 4px;border-radius:4px;} .spacer {margin-top:0.5em;} .message-announce {background:#6688AA;color:white;padding:1px 4px 2px;} .message-announce a, .broadcast-green a, .broadcast-blue a, .broadcast-red a {color:#DDEEFF;} .broadcast-green {background-color:#559955;color:white;padding:2px 4px;} .broadcast-blue {background-color:#6688AA;color:white;padding:2px 4px;} .infobox {border:1px solid #6688AA;padding:2px 4px;} .infobox-limited {max-height:200px;overflow:auto;overflow-x:hidden;} .broadcast-red {background-color:#AA5544;color:white;padding:2px 4px;} .message-learn-canlearn {font-weight:bold;color:#228822;text-decoration:underline;} .message-learn-cannotlearn {font-weight:bold;color:#CC2222;text-decoration:underline;} .message-effect-weak {font-weight:bold;color:#CC2222;} .message-effect-resist {font-weight:bold;color:#6688AA;} .message-effect-immune {font-weight:bold;color:#666666;} .message-learn-list {margin-top:0;margin-bottom:0;} .message-throttle-notice, .message-error {color:#992222;} .message-overflow, .chat small.message-overflow {font-size:0pt;} .message-overflow::before {font-size:9pt;content:'...';} .subtle {color:#3A4A66;}
</style>
<div class="wrapper replay-wrapper" style="max-width:1180px;margin:0 auto">
<input type="hidden" name="replayid" value="unregisteredserver-gen9championscustomgame-47-nq960yil1irdok1ei2oygugoollmq57pw" />
<div class="battle"></div><div class="battle-log"></div><div class="replay-controls"></div><div class="replay-controls-2"></div>
<h1 style="font-weight:normal;text-align:center"><strong>[Gen 9 Champions] Custom Game</strong><br /><a href="http://pokemonshowdown.com/users/timbejon" class="subtle" target="_blank">Timbejon</a> vs. <a href="http://pokemonshowdown.com/users/samangos" class="subtle" target="_blank">samangos</a></h1>
<script type="text/plain" class="battle-log-data">|j|☆Timbejon

|j|☆samangos
|t:|1778800431
|gametype|singles
|player|p1|Timbejon|1|
|player|p2|samangos|zinnia|
|gen|9
|tier|[Gen 9 Champions] Custom Game
|clearpoke
|poke|p1|Darmanitan-Galar, L50, M|
|poke|p1|Gholdengo, L50|
|poke|p1|Medicham, L50, M|
|poke|p1|Volcanion, L50|
|poke|p1|Golurk, L50|
|poke|p1|Tapu Fini, L50|
|poke|p2|Slowbro, L50|
|poke|p2|Moltres, L50|
|poke|p2|Thundurus-Therian, L50, M|
|poke|p2|Victreebel-Mega, L50|
|poke|p2|Empoleon, L50|
|poke|p2|Iron Valiant, L50|
|teampreview
|c|☆Timbejon|glhf
|c|☆samangos|glgl!!!
|
|t:|1778800509
|teamsize|p1|6
|teamsize|p2|6
|start
|switch|p1a: Cromwell|Gholdengo, L50|162\/162
|switch|p2a: chemicals|Victreebel-Mega, L50|187\/187
|turn|1
|c|☆samangos|wait thats weird
|c|☆samangos|i didnt have to mega
|
|t:|1778800614
|switch|p1a: Charles|Golurk, L50|196\/196
|move|p2a: chemicals|Swords Dance|p2a: chemicals
|-boost|p2a: chemicals|atk|2
|
|upkeep
|turn|2
|c|☆Timbejon|That's okay
|c|☆Timbejon|I don't think it mattered
|
|t:|1778800657
|move|p2a: chemicals|Power Whip|p1a: Charles|[miss]
|-miss|p2a: chemicals|p1a: Charles
|move|p1a: Charles|High Horsepower|p2a: chemicals
|-damage|p2a: chemicals|76\/187
|
|upkeep
|turn|3
|
|t:|1778800665
|move|p2a: chemicals|Strength Sap|p1a: Charles
|-unboost|p1a: Charles|atk|1
|-heal|p2a: chemicals|187\/187
|move|p1a: Charles|High Horsepower|p2a: chemicals
|-damage|p2a: chemicals|114\/187
|
|upkeep
|turn|4
|
|t:|1778800677
|switch|p1a: Marie|Tapu Fini, L50|177\/177
|-fieldstart|move: Misty Terrain|[from] ability: Misty Surge|[of] p1a: Marie
|move|p2a: chemicals|Power Whip|p1a: Marie
|-supereffective|p1a: Marie|1
|-damage|p1a: Marie|0 fnt
|faint|p1a: Marie
|
|upkeep
|
|t:|1778800692
|switch|p1a: Lambert|Darmanitan-Galar, L50, M|180\/180
|turn|5
|
|t:|1778800745
|switch|p2a: a cabo|Slowbro, L50|202\/202
|move|p1a: Lambert|U-turn|p2a: a cabo
|debug|Gorilla Tactics Atk Boost
|-supereffective|p2a: a cabo|1
|-damage|p2a: a cabo|52\/202
|
|t:|1778800763
|switch|p1a: Cromwell|Gholdengo, L50|162\/162|[from] U-turn
|
|upkeep
|turn|6
|
|t:|1778800778
|-heal|p2a: a cabo|119\/202|[from] ability: Regenerator|[silent]
|switch|p2a: o pato|Empoleon, L50|191\/191
|move|p1a: Cromwell|Thunderbolt|p2a: o pato
|-supereffective|p2a: o pato|1
|-damage|p2a: o pato|101\/191
|
|-heal|p2a: o pato|112\/191|[from] item: Leftovers
|upkeep
|turn|7
|
|t:|1778800813
|move|p1a: Cromwell|Thunderbolt|p2a: o pato
|-supereffective|p2a: o pato|1
|-damage|p2a: o pato|28\/191
|move|p2a: o pato|Stealth Rock|p1a: Cromwell
|-sidestart|p1: Timbejon|move: Stealth Rock
|
|-heal|p2a: o pato|39\/191|[from] item: Leftovers
|upkeep
|turn|8
|
|t:|1778800843
|switch|p2a: breezin|Thundurus-Therian, L50, M|154\/154
|move|p1a: Cromwell|Thunderbolt|p2a: breezin
|-immune|p2a: breezin|[from] ability: Volt Absorb
|
|-fieldend|Misty Terrain
|upkeep
|turn|9
|
|t:|1778800882
|switch|p1a: Charles|Golurk, L50|196\/196
|-damage|p1a: Charles|184\/196|[from] Stealth Rock
|move|p2a: breezin|Dark Pulse|p1a: Charles
|-supereffective|p1a: Charles|1
|-damage|p1a: Charles|0 fnt
|debug|move failed because it did nothing
|faint|p1a: Charles
|-damage|p2a: breezin|139\/154|[from] item: Life Orb
|
|upkeep
|
|t:|1778800900
|switch|p1a: Cromwell|Gholdengo, L50|162\/162
|-damage|p1a: Cromwell|152\/162|[from] Stealth Rock
|turn|10
|
|t:|1778800999
|move|p1a: Cromwell|Power Gem|p2a: breezin
|-supereffective|p2a: breezin|1
|-damage|p2a: breezin|15\/154
|move|p2a: breezin|U-turn|p1a: Cromwell
|-resisted|p1a: Cromwell|2
|-damage|p1a: Cromwell|144\/162
|-damage|p2a: breezin|0 fnt|[from] item: Life Orb
|faint|p2a: breezin
|
|upkeep
|
|t:|1778801010
|switch|p2a: chemicals|Victreebel-Mega, L50|114\/187
|turn|11
|
|t:|1778801034
|switch|p1a: Rupert|Volcanion, L50|186\/186
|-damage|p1a: Rupert|140\/186|[from] Stealth Rock
|move|p2a: chemicals|Strength Sap|p1a: Rupert
|-unboost|p1a: Rupert|atk|1
|-heal|p2a: chemicals|187\/187
|
|upkeep
|turn|12
|
|t:|1778801138
|move|p2a: chemicals|Power Whip|p1a: Rupert
|-damage|p1a: Rupert|28\/186
|move|p1a: Rupert|Flare Blitz|p2a: chemicals
|-supereffective|p2a: chemicals|1
|-damage|p2a: chemicals|0 fnt
|-damage|p1a: Rupert|0 fnt|[from] ability: Innards Out|[of] p2a: chemicals
|faint|p2a: chemicals
|faint|p1a: Rupert
|
|upkeep
|
|t:|1778801157
|switch|p1a: Monck|Medicham, L50, M|135\/135
|switch|p2a: a cabo|Slowbro, L50|119\/202
|-damage|p1a: Monck|127\/135|[from] Stealth Rock
|turn|13
|
|t:|1778801187
|detailschange|p1a: Monck|Medicham-Mega, L50, M
|-mega|p1a: Monck|Medicham|Medichamite
|move|p1a: Monck|Poison Jab|p2a: a cabo
|-damage|p2a: a cabo|67\/202
|move|p2a: a cabo|Slack Off|p2a: a cabo
|-heal|p2a: a cabo|168\/202
|
|upkeep
|turn|14
|
|t:|1778801201
|switch|p1a: Cromwell|Gholdengo, L50|144\/162
|-damage|p1a: Cromwell|134\/162|[from] Stealth Rock
|move|p2a: a cabo|Future Sight|p1a: Cromwell
|-start|p2a: a cabo|move: Future Sight
|
|upkeep
|turn|15
|
|t:|1778801249
|-heal|p2a: a cabo|202\/202|[from] ability: Regenerator|[silent]
|switch|p2a: o pato|Empoleon, L50|39\/191
|move|p1a: Cromwell|Shadow Ball|p2a: o pato
|-damage|p2a: o pato|0 fnt
|faint|p2a: o pato
|
|upkeep
|
|t:|1778801272
|switch|p2a: brazillian skies|Moltres, L50|165\/165
|turn|16
|
|t:|1778801280
|switch|p1a: Monck|Medicham-Mega, L50, M|127\/135
|-damage|p1a: Monck|119\/135|[from] Stealth Rock
|move|p2a: brazillian skies|Flame Charge|p1a: Monck
|-damage|p1a: Monck|61\/135
|-boost|p2a: brazillian skies|spe|1
|-damage|p2a: brazillian skies|149\/165|[from] item: Life Orb
|
|-end|p1a: Monck|move: Future Sight
|-damage|p1a: Monck|0 fnt
|faint|p1a: Monck
|upkeep
|
|t:|1778801302
|switch|p1a: Lambert|Darmanitan-Galar, L50, M|180\/180
|-damage|p1a: Lambert|135\/180|[from] Stealth Rock
|turn|17
|
|t:|1778801310
|move|p2a: brazillian skies|Flare Blitz|p1a: Lambert
|-supereffective|p1a: Lambert|1
|-damage|p1a: Lambert|0 fnt
|faint|p1a: Lambert
|-damage|p2a: brazillian skies|104\/165|[from] Recoil
|-damage|p2a: brazillian skies|88\/165|[from] item: Life Orb
|
|upkeep
|
|t:|1778801317
|switch|p1a: Cromwell|Gholdengo, L50|134\/162
|-damage|p1a: Cromwell|124\/162|[from] Stealth Rock
|turn|18
|
|t:|1778801320
|move|p2a: brazillian skies|Brave Bird|p1a: Cromwell
|-resisted|p1a: Cromwell|1
|-damage|p1a: Cromwell|55\/162
|-damage|p2a: brazillian skies|65\/165|[from] Recoil
|-damage|p2a: brazillian skies|49\/165|[from] item: Life Orb
|move|p1a: Cromwell|Power Gem|p2a: brazillian skies
|-supereffective|p2a: brazillian skies|2
|-damage|p2a: brazillian skies|0 fnt
|faint|p2a: brazillian skies
|
|upkeep
|c|☆samangos|misclick ;-;
|
|t:|1778801337
|switch|p2a: shiki no uta|Iron Valiant, L50|149\/149
|-enditem|p2a: shiki no uta|Booster Energy
|-activate|p2a: shiki no uta|ability: Quark Drive|[fromitem]
|-start|p2a: shiki no uta|quarkdrivespe
|turn|19
|debug|Quark Drive spe boost
|debug|Quark Drive spe boost
|
|t:|1778801343
|debug|Quark Drive spe boost
|debug|Quark Drive spe boost
|move|p2a: shiki no uta|Knock Off|p1a: Cromwell
|-supereffective|p1a: Cromwell|1
|-damage|p1a: Cromwell|0 fnt
|-enditem|p1a: Cromwell|Choice Scarf|[from] move: Knock Off|[of] p2a: shiki no uta
|faint|p1a: Cromwell
|
|win|samangos
|c|☆Timbejon|gg
|c|☆samangos|ggs</script>
</div>
<div class="battle-log battle-log-inline"><div class="inner"><div class="battle-options"><div style="padding-top: 3px; padding-right: 3px; text-align: right"><button class="icon button" name="openBattleOptions" title="Options">Battle Options</button></div></div><div class="inner message-log"><div class="chat"><small>☆Timbejon and ☆samangos joined</small></div><div class=""><small>Format:</small> <br><strong>[Gen 9 Champions] Custom Game</strong></div><div class="chat battle-history"><strong>Timbejon's team:</strong> <em style="color:#445566;display:block;">Darmanitan-Galar / Gholdengo / Medicham / Volcanion / Golurk / Tapu Fini</em></div><div class="chat battle-history"><strong>samangos's team:</strong> <em style="color:#445566;display:block;">Slowbro / Moltres / Thundurus-Therian / Victreebel-Mega / Empoleon / Iron Valiant</em></div><div class="chat chatmessage-timbejon mine"><strong style="color:#9431e0"><span class="username"><small class="groupsymbol">☆</small>Timbejon</span>:</strong> <em>glhf</em></div><div class="chat chatmessage-samangos"><strong style="color:#19a55f"><span class="username"><small class="groupsymbol">☆</small>samangos</span>:</strong> <em>glgl!!!</em></div><div class="spacer battle-history"><br></div><div class="battle-history">Battle started between Timbejon and samangos!<br></div><div class="spacer battle-history"><br></div><div class="battle-history">Go! Cromwell (<strong>Gholdengo</strong>)!<br></div><div class="spacer battle-history"><br></div><div class="battle-history">samangos sent out chemicals (<strong>Victreebel-Mega</strong>)!<br></div><div class="spacer battle-history"><br></div><h2 class="battle-history">Turn 1</h2><div class="chat chatmessage-samangos"><strong style="color:#19a55f"><span class="username"><small class="groupsymbol">☆</small>samangos</span>:</strong> <em>wait thats weird</em></div><div class="chat chatmessage-samangos"><strong style="color:#19a55f"><span class="username"><small class="groupsymbol">☆</small>samangos</span>:</strong> <em>i didnt have to mega</em></div><div class="spacer battle-history"><br></div><div class="battle-history">Cromwell, come back!<br></div><div class="battle-history">Go! Charles (<strong>Golurk</strong>)!<br></div><div class="spacer battle-history"><br></div><div class="battle-history">The opposing chemicals used <strong>Swords Dance</strong>!<br></div><div class="battle-history"><small>The opposing chemicals's Attack rose sharply!</small><br></div><div class="spacer battle-history"><br></div><h2 class="battle-history">Turn 2</h2><div class="chat chatmessage-timbejon mine"><strong style="color:#9431e0"><span class="username"><small class="groupsymbol">☆</small>Timbejon</span>:</strong> <em>That's okay</em></div><div class="chat chatmessage-timbejon mine"><strong style="color:#9431e0"><span class="username"><small class="groupsymbol">☆</small>Timbejon</span>:</strong> <em>I don't think it mattered</em></div><div class="spacer battle-history"><br></div><div class="battle-history">The opposing chemicals used <strong>Power Whip</strong>!<br></div><div class="battle-history"><small>Charles avoided the attack!</small><br></div><div class="spacer battle-history"><br></div><div class="battle-history">Charles used <strong>High Horsepower</strong>!<br></div><div class="battle-history"><small>(The opposing chemicals lost <abbr title="−111/187">59.4%</abbr> of its health!)</small><br></div><div class="spacer battle-history"><br></div><h2 class="battle-history">Turn 3</h2><div class="spacer battle-history"><br></div><div class="battle-history">The opposing chemicals used <strong>Strength Sap</strong>!<br></div><div class="battle-history"><small>Charles's Attack fell!</small><br></div><div class="battle-history"><small>The opposing chemicals had its HP restored.</small><br></div><div class="spacer battle-history"><br></div><div class="battle-history">Charles used <strong>High Horsepower</strong>!<br></div><div class="battle-history"><small>(The opposing chemicals lost <abbr title="−73/187">39.0%</abbr> of its health!)</small><br></div><div class="spacer battle-history"><br></div><h2 class="battle-history">Turn 4</h2><div class="spacer battle-history"><br></div><div class="battle-history">Charles, come back!<br></div><div class="battle-history">Go! Marie (<strong>Tapu Fini</strong>)!<br></div><div class="battle-history">[Marie's Misty Surge]<br><small>Mist swirled around the battlefield!</small><br></div><div class="spacer battle-history"><br></div><div class="battle-history">The opposing chemicals used <strong>Power Whip</strong>!<br></div><div class="battle-history"><small>It's super effective!</small><br></div><div class="battle-history"><small>(Marie lost <abbr title="−177/177">100%</abbr> of its health!)</small><br></div><div class="spacer battle-history"><br></div><div class="battle-history">Marie fainted!<br></div><div class="spacer battle-history"><br></div><div class="battle-history">Go! Lambert (<strong>Darmanitan-Galar</strong>)!<br></div><div class="spacer battle-history"><br></div><h2 class="battle-history">Turn 5</h2><div class="spacer battle-history"><br></div><div class="battle-history">samangos withdrew chemicals!<br></div><div class="battle-history">samangos sent out a cabo (<strong>Slowbro</strong>)!<br></div><div class="spacer battle-history"><br></div><div class="battle-history">Lambert used <strong>U-turn</strong>!<br></div><div class="debug"><div class="chat"><small style="color:#999">[DEBUG] Gorilla Tactics Atk Boost.</small></div></div><div class="battle-history"><small>It's super effective!</small><br></div><div class="battle-history"><small>(The opposing a cabo lost <abbr title="−150/202">74.3%</abbr> of its health!)</small><br></div><div class="spacer battle-history"><br></div><div class="battle-history">Lambert went back to Timbejon!<br></div><div class="battle-history">Go! Cromwell (<strong>Gholdengo</strong>)!<br></div><div class="spacer battle-history"><br></div><h2 class="battle-history">Turn 6</h2><div class="spacer battle-history"><br></div><div class="battle-history">samangos withdrew a cabo!<br></div><div class="battle-history">samangos sent out o pato (<strong>Empoleon</strong>)!<br></div><div class="spacer battle-history"><br></div><div class="battle-history">Cromwell used <strong>Thunderbolt</strong>!<br></div><div class="battle-history"><small>It's super effective!</small><br></div><div class="battle-history"><small>(The opposing o pato lost <abbr title="−90/191">47.1%</abbr> of its health!)</small><br></div><div class="spacer battle-history"><br></div><div class="battle-history"><small>The opposing o pato restored a little HP using its Leftovers!</small><br></div><div class="spacer battle-history"><br></div><h2 class="battle-history">Turn 7</h2><div class="spacer battle-history"><br></div><div class="battle-history">Cromwell used <strong>Thunderbolt</strong>!<br></div><div class="battle-history"><small>It's super effective!</small><br></div><div class="battle-history"><small>(The opposing o pato lost <abbr title="−84/191">44.0%</abbr> of its health!)</small><br></div><div class="spacer battle-history"><br></div><div class="battle-history">The opposing o pato used <strong>Stealth Rock</strong>!<br></div><div class="battle-history"><small>Pointed stones float in the air around your team!</small><br></div><div class="spacer battle-history"><br></div><div class="battle-history"><small>The opposing o pato restored a little HP using its Leftovers!</small><br></div><div class="spacer battle-history"><br></div><h2 class="battle-history">Turn 8</h2><div class="spacer battle-history"><br></div><div class="battle-history">samangos withdrew o pato!<br></div><div class="battle-history">samangos sent out breezin (<strong>Thundurus-Therian</strong>)!<br></div><div class="spacer battle-history"><br></div><div class="battle-history">Cromwell used <strong>Thunderbolt</strong>!<br></div><div class="battle-history">[The opposing breezin's Volt Absorb]<br><small>It doesn't affect the opposing breezin...</small><br></div><div class="spacer battle-history"><br></div><div class="battle-history"><small>The mist disappeared from the battlefield.</small><br></div><div class="spacer battle-history"><br></div><h2 class="battle-history">Turn 9</h2><div class="spacer battle-history"><br></div><div class="battle-history">Cromwell, come back!<br></div><div class="battle-history">Go! Charles (<strong>Golurk</strong>)!<br></div><div class="battle-history"><small>Pointed stones dug into Charles!</small><br></div><div class="spacer battle-history"><br></div><div class="battle-history">The opposing breezin used <strong>Dark Pulse</strong>!<br></div><div class="battle-history"><small>It's super effective!</small><br></div><div class="battle-history"><small>(Charles lost <abbr title="−184/196">93.9%</abbr> of its health!)</small><br></div><div class="debug"><div class="chat"><small style="color:#999">[DEBUG] move failed because it did nothing.</small></div></div><div class="spacer battle-history"><br></div><div class="battle-history">Charles fainted!<br></div><div class="battle-history"><small>The opposing breezin lost some of its HP!</small><br></div><div class="spacer battle-history"><br></div><div class="battle-history">Go! Cromwell (<strong>Gholdengo</strong>)!<br></div><div class="battle-history"><small>Pointed stones dug into Cromwell!</small><br></div><div class="spacer battle-history"><br></div><h2 class="battle-history">Turn 10</h2><div class="spacer battle-history"><br></div><div class="battle-history">Cromwell used <strong>Power Gem</strong>!<br></div><div class="battle-history"><small>It's super effective!</small><br></div><div class="battle-history"><small>(The opposing breezin lost <abbr title="−124/154">80.5%</abbr> of its health!)</small><br></div><div class="spacer battle-history"><br></div><div class="battle-history">The opposing breezin used <strong>U-turn</strong>!<br></div><div class="battle-history"><small>It's mostly ineffective...</small><br></div><div class="battle-history"><small>(Cromwell lost <abbr title="−8/162">4.9%</abbr> of its health!)</small><br></div><div class="battle-history"><small>The opposing breezin lost some of its HP!</small><br></div><div class="spacer battle-history"><br></div><div class="battle-history">The opposing breezin fainted!<br></div><div class="spacer battle-history"><br></div><div class="battle-history">samangos sent out chemicals (<strong>Victreebel-Mega</strong>)!<br></div><div class="spacer battle-history"><br></div><h2 class="battle-history">Turn 11</h2><div class="spacer battle-history"><br></div><div class="battle-history">Cromwell, come back!<br></div><div class="battle-history">Go! Rupert (<strong>Volcanion</strong>)!<br></div><div class="battle-history"><small>Pointed stones dug into Rupert!</small><br></div><div class="spacer battle-history"><br></div><div class="battle-history">The opposing chemicals used <strong>Strength Sap</strong>!<br></div><div class="battle-history"><small>Rupert's Attack fell!</small><br></div><div class="battle-history"><small>The opposing chemicals had its HP restored.</small><br></div><div class="spacer battle-history"><br></div><h2 class="battle-history">Turn 12</h2><div class="spacer battle-history"><br></div><div class="battle-history">The opposing chemicals used <strong>Power Whip</strong>!<br></div><div class="battle-history"><small>(Rupert lost <abbr title="−112/186">60.2%</abbr> of its health!)</small><br></div><div class="spacer battle-history"><br></div><div class="battle-history">Rupert used <strong>Flare Blitz</strong>!<br></div><div class="battle-history"><small>It's super effective!</small><br></div><div class="battle-history"><small>(The opposing chemicals lost <abbr title="−187/187">100%</abbr> of its health!)</small><br></div><div class="battle-history">[The opposing chemicals's Innards Out]<br><small>Rupert was hurt!</small><br></div><div class="spacer battle-history"><br></div><div class="battle-history">The opposing chemicals fainted!<br></div><div class="battle-history">Rupert fainted!<br></div><div class="spacer battle-history"><br></div><div class="battle-history">Go! Monck (<strong>Medicham</strong>)!<br></div><div class="spacer battle-history"><br></div><div class="battle-history">samangos sent out a cabo (<strong>Slowbro</strong>)!<br></div><div class="battle-history"><small>Pointed stones dug into Monck!</small><br></div><div class="spacer battle-history"><br></div><h2 class="battle-history">Turn 13</h2><div class="spacer battle-history"><br></div><div class="battle-history"><small>Monck's Medichamite is reacting to the Key Stone!</small><br>Monck has Mega Evolved into Mega Medicham!<br></div><div class="spacer battle-history"><br></div><div class="battle-history">Monck used <strong>Poison Jab</strong>!<br></div><div class="battle-history"><small>(The opposing a cabo lost <abbr title="−52/202">25.7%</abbr> of its health!)</small><br></div><div class="spacer battle-history"><br></div><div class="battle-history">The opposing a cabo used <strong>Slack Off</strong>!<br></div><div class="battle-history"><small>The opposing a cabo had its HP restored.</small><br></div><div class="spacer battle-history"><br></div><h2 class="battle-history">Turn 14</h2><div class="spacer battle-history"><br></div><div class="battle-history">Monck, come back!<br></div><div class="battle-history">Go! Cromwell (<strong>Gholdengo</strong>)!<br></div><div class="battle-history"><small>Pointed stones dug into Cromwell!</small><br></div><div class="spacer battle-history"><br></div><div class="battle-history">The opposing a cabo used <strong>Future Sight</strong>!<br></div><div class="battle-history"><small>The opposing a cabo foresaw an attack!</small><br></div><div class="spacer battle-history"><br></div><h2 class="battle-history">Turn 15</h2><div class="spacer battle-history"><br></div><div class="battle-history">samangos withdrew a cabo!<br></div><div class="battle-history">samangos sent out o pato (<strong>Empoleon</strong>)!<br></div><div class="spacer battle-history"><br></div><div class="battle-history">Cromwell used <strong>Shadow Ball</strong>!<br></div><div class="battle-history"><small>(The opposing o pato lost <abbr title="−39/191">20.4%</abbr> of its health!)</small><br></div><div class="spacer battle-history"><br></div><div class="battle-history">The opposing o pato fainted!<br></div><div class="spacer battle-history"><br></div><div class="battle-history">samangos sent out brazillian skies (<strong>Moltres</strong>)!<br></div><div class="spacer battle-history"><br></div><h2 class="battle-history">Turn 16</h2><div class="spacer battle-history"><br></div><div class="battle-history">Cromwell, come back!<br></div><div class="battle-history">Go! Monck (<strong>Medicham-Mega</strong>)!<br></div><div class="battle-history"><small>Pointed stones dug into Monck!</small><br></div><div class="spacer battle-history"><br></div><div class="battle-history">The opposing brazillian skies used <strong>Flame Charge</strong>!<br></div><div class="battle-history"><small>(Monck lost <abbr title="−58/135">43.0%</abbr> of its health!)</small><br></div><div class="battle-history"><small>The opposing brazillian skies's Speed rose!</small><br></div><div class="battle-history"><small>The opposing brazillian skies lost some of its HP!</small><br></div><div class="spacer battle-history"><br></div><div class="battle-history"><small>Monck took the Future Sight attack!</small><br></div><div class="battle-history"><small>(Monck lost <abbr title="−61/135">45.2%</abbr> of its health!)</small><br></div><div class="spacer battle-history"><br></div><div class="battle-history">Monck fainted!<br></div><div class="spacer battle-history"><br></div><div class="battle-history">Go! Lambert (<strong>Darmanitan-Galar</strong>)!<br></div><div class="battle-history"><small>Pointed stones dug into Lambert!</small><br></div><div class="spacer battle-history"><br></div><h2 class="battle-history">Turn 17</h2><div class="spacer battle-history"><br></div><div class="battle-history">The opposing brazillian skies used <strong>Flare Blitz</strong>!<br></div><div class="battle-history"><small>It's super effective!</small><br></div><div class="battle-history"><small>(Lambert lost <abbr title="−135/180">75%</abbr> of its health!)</small><br></div><div class="spacer battle-history"><br></div><div class="battle-history">Lambert fainted!<br></div><div class="battle-history"><small>The opposing brazillian skies was damaged by the recoil!</small><br></div><div class="battle-history"><small>The opposing brazillian skies lost some of its HP!</small><br></div><div class="spacer battle-history"><br></div><div class="battle-history">Go! Cromwell (<strong>Gholdengo</strong>)!<br></div><div class="battle-history"><small>Pointed stones dug into Cromwell!</small><br></div><div class="spacer battle-history"><br></div><h2 class="battle-history">Turn 18</h2><div class="spacer battle-history"><br></div><div class="battle-history">The opposing brazillian skies used <strong>Brave Bird</strong>!<br></div><div class="battle-history"><small>It's not very effective...</small><br></div><div class="battle-history"><small>(Cromwell lost <abbr title="−69/162">42.6%</abbr> of its health!)</small><br></div><div class="battle-history"><small>The opposing brazillian skies was damaged by the recoil!</small><br></div><div class="battle-history"><small>The opposing brazillian skies lost some of its HP!</small><br></div><div class="spacer battle-history"><br></div><div class="battle-history">Cromwell used <strong>Power Gem</strong>!<br></div><div class="battle-history"><small>It's extremely effective!</small><br></div><div class="battle-history"><small>(The opposing brazillian skies lost <abbr title="−49/165">29.7%</abbr> of its health!)</small><br></div><div class="spacer battle-history"><br></div><div class="battle-history">The opposing brazillian skies fainted!<br></div><div class="chat chatmessage-samangos"><strong style="color:#19a55f"><span class="username"><small class="groupsymbol">☆</small>samangos</span>:</strong> <em>misclick ;-;</em></div><div class="spacer battle-history"><br></div><div class="battle-history">samangos sent out shiki no uta (<strong>Iron Valiant</strong>)!<br></div><div class="battle-history"><small>(The opposing shiki no uta used its Booster Energy!)</small><br></div><div class="battle-history">[The opposing shiki no uta's Quark Drive]<br><small>The opposing shiki no uta used its Booster Energy to activate its Quark Drive!</small><br></div><div class="battle-history"><small>The opposing shiki no uta's Speed was heightened!</small><br></div><div class="spacer battle-history"><br></div><h2 class="battle-history">Turn 19</h2><div class="debug"><div class="chat"><small style="color:#999">[DEBUG] Quark Drive spe boost.</small></div></div><div class="debug"><div class="chat"><small style="color:#999">[DEBUG] Quark Drive spe boost.</small></div></div><div class="debug"><div class="chat"><small style="color:#999">[DEBUG] Quark Drive spe boost.</small></div></div><div class="debug"><div class="chat"><small style="color:#999">[DEBUG] Quark Drive spe boost.</small></div></div><div class="spacer battle-history"><br></div><div class="battle-history">The opposing shiki no uta used <strong>Knock Off</strong>!<br></div><div class="battle-history"><small>It's super effective!</small><br></div><div class="battle-history"><small>(Cromwell lost <abbr title="−55/162">34.0%</abbr> of its health!)</small><br></div><div class="battle-history"><small>The opposing shiki no uta knocked off Cromwell's Choice Scarf!</small><br></div><div class="spacer battle-history"><br></div><div class="battle-history">Cromwell fainted!<br></div><div class="spacer battle-history"><br></div><div class="battle-history"><strong>samangos</strong> won the battle!<br></div><div class="chat chatmessage-timbejon mine"><strong style="color:#9431e0"><span class="username"><small class="groupsymbol">☆</small>Timbejon</span>:</strong> <em>gg</em></div><div class="chat chatmessage-samangos"><strong style="color:#19a55f"><span class="username"><small class="groupsymbol">☆</small>samangos</span>:</strong> <em>ggs</em></div></div><div class="inner-preempt message-log"></div></div></div>
</div>
<script>
let daily = Math.floor(Date.now()/1000/60/60/24);document.write('<script src="https://play.pokemonshowdown.com/js/replay-embed.js?version'+daily+'"></'+'script>');
</script>
