<!DOCTYPE html>
<meta charset="utf-8" />
<!-- version 1 -->
<title>[Gen 9 Champions] Draft replay: FletchHead vs. Timbejon</title>
<style>
html,body {font-family:Verdana, sans-serif;font-size:10pt;margin:0;padding:0;}body{padding:12px 0;} .battle-log {font-family:Verdana, sans-serif;font-size:10pt;} .battle-log-inline {border:1px solid #AAAAAA;background:#EEF2F5;color:black;max-width:640px;margin:0 auto 80px;padding-bottom:5px;} .battle-log .inner {padding:4px 8px 0px 8px;} .battle-log .inner-preempt {padding:0 8px 4px 8px;} .battle-log .inner-after {margin-top:0.5em;} .battle-log h2 {margin:0.5em -8px;padding:4px 8px;border:1px solid #AAAAAA;background:#E0E7EA;border-left:0;border-right:0;font-family:Verdana, sans-serif;font-size:13pt;} .battle-log .chat {vertical-align:middle;padding:3px 0 3px 0;font-size:8pt;} .battle-log .chat strong {color:#40576A;} .battle-log .chat em {padding:1px 4px 1px 3px;color:#000000;font-style:normal;} .chat.mine {background:rgba(0,0,0,0.05);margin-left:-8px;margin-right:-8px;padding-left:8px;padding-right:8px;} .spoiler {color:#BBBBBB;background:#BBBBBB;padding:0px 3px;} .spoiler:hover, .spoiler:active, .spoiler-shown {color:#000000;background:#E2E2E2;padding:0px 3px;} .spoiler a {color:#BBBBBB;} .spoiler:hover a, .spoiler:active a, .spoiler-shown a {color:#2288CC;} .chat code, .chat .spoiler:hover code, .chat .spoiler:active code, .chat .spoiler-shown code {border:1px solid #C0C0C0;background:#EEEEEE;color:black;padding:0 2px;} .chat .spoiler code {border:1px solid #CCCCCC;background:#CCCCCC;color:#CCCCCC;} .battle-log .rated {padding:3px 4px;} .battle-log .rated strong {color:white;background:#89A;padding:1px 4px;border-radius:4px;} .spacer {margin-top:0.5em;} .message-announce {background:#6688AA;color:white;padding:1px 4px 2px;} .message-announce a, .broadcast-green a, .broadcast-blue a, .broadcast-red a {color:#DDEEFF;} .broadcast-green {background-color:#559955;color:white;padding:2px 4px;} .broadcast-blue {background-color:#6688AA;color:white;padding:2px 4px;} .infobox {border:1px solid #6688AA;padding:2px 4px;} .infobox-limited {max-height:200px;overflow:auto;overflow-x:hidden;} .broadcast-red {background-color:#AA5544;color:white;padding:2px 4px;} .message-learn-canlearn {font-weight:bold;color:#228822;text-decoration:underline;} .message-learn-cannotlearn {font-weight:bold;color:#CC2222;text-decoration:underline;} .message-effect-weak {font-weight:bold;color:#CC2222;} .message-effect-resist {font-weight:bold;color:#6688AA;} .message-effect-immune {font-weight:bold;color:#666666;} .message-learn-list {margin-top:0;margin-bottom:0;} .message-throttle-notice, .message-error {color:#992222;} .message-overflow, .chat small.message-overflow {font-size:0pt;} .message-overflow::before {font-size:9pt;content:'...';} .subtle {color:#3A4A66;}
</style>
<div class="wrapper replay-wrapper" style="max-width:1180px;margin:0 auto">
<input type="hidden" name="replayid" value="unregisteredserver-gen9championsdraft-78" />
<div class="battle"></div><div class="battle-log"></div><div class="replay-controls"></div><div class="replay-controls-2"></div>
<h1 style="font-weight:normal;text-align:center"><strong>[Gen 9 Champions] Draft</strong><br /><a href="http://pokemonshowdown.com/users/fletchhead" class="subtle" target="_blank">FletchHead</a> vs. <a href="http://pokemonshowdown.com/users/timbejon" class="subtle" target="_blank">Timbejon</a></h1>
<script type="text/plain" class="battle-log-data">|j|☆FletchHead

|j|☆Timbejon
|t:|1781225765
|gametype|singles
|player|p1|FletchHead|lana|
|player|p2|Timbejon|2|
|gen|9
|tier|[Gen 9 Champions] Draft
|rule|Endless Battle Clause: Forcing endless battles is banned
|rule|Species Clause: Limit one of each Pokémon
|rule|Sleep Clause Mod: Limit one foe put to sleep
|rule|OHKO Clause: OHKO moves are banned
|rule|Evasion Clause: Evasion abilities, items, and moves are banned
|rule|Evasion Abilities Clause: Evasion abilities are banned
|rule|Evasion Items Clause: Evasion items are banned
|rule|Evasion Moves Clause: Evasion moves are banned
|clearpoke
|poke|p1|Dragapult, M|
|poke|p1|Nidoking, M|
|poke|p1|Zarude-Dada|
|poke|p1|Chandelure, M|
|poke|p1|Rotom-Wash|
|poke|p1|Pangoro, F|
|poke|p2|Gholdengo|
|poke|p2|Medicham, F|
|poke|p2|Darmanitan-Galar, M|
|poke|p2|Muk-Alola, F|
|poke|p2|Tapu Fini, shiny|
|poke|p2|Porygon2, shiny|
|teampreview
|
|t:|1781225901
|teamsize|p1|6
|teamsize|p2|6
|start
|switch|p1a: Pilebunker|Pangoro, F|331\/331
|switch|p2a: Haselrig|Muk-Alola, F|100\/100
|turn|1
|
|t:|1781225914
|move|p1a: Pilebunker|Close Combat|p2a: Haselrig
|-damage|p2a: Haselrig|32\/100
|-unboost|p1a: Pilebunker|def|1
|-unboost|p1a: Pilebunker|spd|1
|move|p2a: Haselrig|Drain Punch|p1a: Pilebunker
|-supereffective|p1a: Pilebunker|1
|-damage|p1a: Pilebunker|33\/331
|-heal|p2a: Haselrig|68\/100|[from] drain|[of] p1a: Pilebunker
|
|-heal|p2a: Haselrig|74\/100|[from] item: Black Sludge
|upkeep
|turn|2
|
|t:|1781225927
|move|p1a: Pilebunker|Close Combat|p2a: Haselrig
|-damage|p2a: Haselrig|3\/100
|-unboost|p1a: Pilebunker|def|1
|-unboost|p1a: Pilebunker|spd|1
|move|p2a: Haselrig|Drain Punch|p1a: Pilebunker
|-supereffective|p1a: Pilebunker|1
|-damage|p1a: Pilebunker|0 fnt
|-heal|p2a: Haselrig|7\/100|[from] drain|[of] p1a: Pilebunker
|faint|p1a: Pilebunker
|
|-heal|p2a: Haselrig|13\/100|[from] item: Black Sludge
|upkeep
|
|t:|1781225938
|switch|p1a: call 0x$0.20|Nidoking, M|303\/303
|turn|3
|
|t:|1781225958
|switch|p2a: Duckson|Porygon2, shiny|100\/100
|-ability|p2a: Duckson|Sheer Force|Trace|[from] ability: Trace|[of] p1a: call 0x$0.20
|move|p1a: call 0x$0.20|Earth Power|p2a: Duckson
|-damage|p2a: Duckson|69\/100
|
|upkeep
|turn|4
|
|t:|1781226008
|move|p1a: call 0x$0.20|Stealth Rock|p2a: Duckson
|-sidestart|p2: Timbejon|move: Stealth Rock
|move|p2a: Duckson|Pain Split|p1a: call 0x$0.20
|-sethp|p1a: call 0x$0.20|280\/303|[from] move: Pain Split|[silent]
|-sethp|p2a: Duckson|75\/100|[from] move: Pain Split
|
|upkeep
|turn|5
|
|t:|1781226031
|move|p1a: call 0x$0.20|Sludge Wave|p2a: Duckson
|-damage|p2a: Duckson|45\/100
|move|p2a: Duckson|Tri Attack|p1a: call 0x$0.20
|-damage|p1a: call 0x$0.20|115\/303
|
|upkeep
|turn|6
|
|t:|1781226040
|switch|p1a: Kickstart My Heart|Dragapult, M|379\/379
|move|p2a: Duckson|Tri Attack|p1a: Kickstart My Heart
|-immune|p1a: Kickstart My Heart
|
|upkeep
|turn|7
|
|t:|1781226048
|move|p1a: Kickstart My Heart|Infestation|p2a: Duckson
|-damage|p2a: Duckson|42\/100
|-activate|p2a: Duckson|move: Infestation|[of] p1a: Kickstart My Heart
|move|p2a: Duckson|Toxic|p1a: Kickstart My Heart
|-status|p1a: Kickstart My Heart|tox
|
|-damage|p1a: Kickstart My Heart|356\/379 tox|[from] psn
|-damage|p2a: Duckson|26\/100|[from] move: Infestation|[partiallytrapped]
|upkeep
|turn|8
|
|t:|1781226060
|move|p1a: Kickstart My Heart|Curse|p2a: Duckson
|-start|p2a: Duckson|Curse|[of] p1a: Kickstart My Heart
|-damage|p1a: Kickstart My Heart|167\/379 tox
|move|p2a: Duckson|Pain Split|p1a: Kickstart My Heart
|-sethp|p1a: Kickstart My Heart|131\/379 tox|[from] move: Pain Split|[silent]
|-sethp|p2a: Duckson|36\/100|[from] move: Pain Split
|
|-damage|p1a: Kickstart My Heart|85\/379 tox|[from] psn
|-damage|p2a: Duckson|11\/100|[from] Curse
|-damage|p2a: Duckson|0 fnt|[from] move: Infestation|[partiallytrapped]
|faint|p2a: Duckson
|upkeep
|
|t:|1781226083
|switch|p2a: Haselrig|Muk-Alola, F|13\/100
|-damage|p2a: Haselrig|1\/100|[from] Stealth Rock
|turn|9
|j| tony toucannon
|
|t:|1781226096
|move|p1a: Kickstart My Heart|Rest|p1a: Kickstart My Heart
|-status|p1a: Kickstart My Heart|slp|[from] move: Rest
|-heal|p1a: Kickstart My Heart|379\/379 slp|[silent]
|move|p2a: Haselrig|Pursuit|p1a: Kickstart My Heart
|-supereffective|p1a: Kickstart My Heart|1
|-damage|p1a: Kickstart My Heart|223\/379 slp
|
|-heal|p2a: Haselrig|7\/100|[from] item: Black Sludge
|upkeep
|turn|10
|
|t:|1781226104
|cant|p1a: Kickstart My Heart|slp
|move|p1a: Kickstart My Heart|Snore|p2a: Haselrig
|-damage|p2a: Haselrig|0 fnt
|faint|p2a: Haselrig
|
|upkeep
|
|t:|1781226119
|switch|p2a: Marie|Tapu Fini, shiny|100\/100
|-damage|p2a: Marie|88\/100|[from] Stealth Rock
|-fieldstart|move: Misty Terrain|[from] ability: Misty Surge|[of] p2a: Marie
|turn|11
|
|t:|1781226129
|switch|p1a: call 0x$0.20|Nidoking, M|115\/303
|move|p2a: Marie|Calm Mind|p2a: Marie
|-boost|p2a: Marie|spa|1
|-boost|p2a: Marie|spd|1
|
|-heal|p2a: Marie|94\/100|[from] item: Leftovers
|upkeep
|turn|12
|
|t:|1781226144
|move|p1a: call 0x$0.20|Sludge Wave|p2a: Marie
|-supereffective|p2a: Marie|1
|-damage|p2a: Marie|37\/100
|move|p2a: Marie|Dazzling Gleam|p1a: call 0x$0.20
|-resisted|p1a: call 0x$0.20|1
|-damage|p1a: call 0x$0.20|22\/303
|
|-heal|p2a: Marie|43\/100|[from] item: Leftovers
|upkeep
|turn|13
|
|t:|1781226157
|move|p2a: Marie|Protect|p2a: Marie
|-singleturn|p2a: Marie|Protect
|move|p1a: call 0x$0.20|Sludge Wave|p2a: Marie
|-activate|p2a: Marie|move: Protect
|
|-heal|p2a: Marie|49\/100|[from] item: Leftovers
|upkeep
|turn|14
|
|t:|1781226166
|switch|p2a: Cromwell|Gholdengo|100\/100
|-damage|p2a: Cromwell|94\/100|[from] Stealth Rock
|move|p1a: call 0x$0.20|Sludge Wave|p2a: Cromwell
|-immune|p2a: Cromwell
|
|upkeep
|turn|15
|
|t:|1781226177
|move|p1a: call 0x$0.20|Sucker Punch||[still]
|-fail|p1a: call 0x$0.20
|move|p2a: Cromwell|Nasty Plot|p2a: Cromwell
|-boost|p2a: Cromwell|spa|2
|
|-fieldend|Misty Terrain
|upkeep
|turn|16
|
|t:|1781226193
|move|p1a: call 0x$0.20|Earth Power|p2a: Cromwell
|-supereffective|p2a: Cromwell|1
|-damage|p2a: Cromwell|0 fnt
|faint|p2a: Cromwell
|
|upkeep
|l| tony toucannon
|j| tony toucannon
|
|t:|1781226208
|switch|p2a: Monck|Medicham, F|100\/100
|-damage|p2a: Monck|94\/100|[from] Stealth Rock
|turn|17
|
|t:|1781226212
|detailschange|p2a: Monck|Medicham-Mega, F
|-mega|p2a: Monck|Medicham|Medichamite
|move|p2a: Monck|Bullet Punch|p1a: call 0x$0.20
|-damage|p1a: call 0x$0.20|0 fnt
|faint|p1a: call 0x$0.20
|
|upkeep
|
|t:|1781226225
|switch|p1a: Nostrovia|Chandelure, M|324\/324
|turn|18
|
|t:|1781226241
|detailschange|p1a: Nostrovia|Chandelure-Mega, M
|-mega|p1a: Nostrovia|Chandelure|Chandelurite
|move|p2a: Monck|Psycho Cut|p1a: Nostrovia
|-damage|p1a: Nostrovia|170\/324
|move|p1a: Nostrovia|Flame Charge|p2a: Monck
|-damage|p2a: Monck|76\/100
|-boost|p1a: Nostrovia|spe|1
|
|upkeep
|turn|19
|
|t:|1781226252
|move|p1a: Nostrovia|Shadow Ball|p2a: Monck
|-supereffective|p2a: Monck|1
|-damage|p2a: Monck|0 fnt
|faint|p2a: Monck
|
|upkeep
|
|t:|1781226260
|switch|p2a: Lambert|Darmanitan-Galar, M|100\/100
|-damage|p2a: Lambert|76\/100|[from] Stealth Rock
|turn|20
|
|t:|1781226270
|move|p2a: Lambert|Zen Headbutt|p1a: Nostrovia
|-damage|p1a: Nostrovia|67\/324
|move|p1a: Nostrovia|Flamethrower|p2a: Lambert
|-supereffective|p2a: Lambert|1
|-damage|p2a: Lambert|0 fnt
|faint|p2a: Lambert
|
|upkeep
|j| ebastia12
|
|t:|1781226277
|switch|p2a: Marie|Tapu Fini, shiny|49\/100
|-damage|p2a: Marie|36\/100|[from] Stealth Rock
|-fieldstart|move: Misty Terrain|[from] ability: Misty Surge|[of] p2a: Marie
|turn|21
|
|t:|1781226283
|move|p1a: Nostrovia|Shadow Ball|p2a: Marie
|-damage|p2a: Marie|5\/100
|move|p2a: Marie|Draining Kiss|p1a: Nostrovia
|-resisted|p1a: Nostrovia|1
|-damage|p1a: Nostrovia|40\/324
|-heal|p2a: Marie|11\/100|[from] drain|[of] p1a: Nostrovia
|
|-heal|p2a: Marie|17\/100|[from] item: Leftovers
|upkeep
|turn|22
|
|t:|1781226300
|move|p1a: Nostrovia|Shadow Ball|p2a: Marie
|-damage|p2a: Marie|0 fnt
|faint|p2a: Marie
|
|win|FletchHead</script>
</div>
<div class="battle-log battle-log-inline"><div class="inner"><div class="battle-options"><div style="padding-top: 3px; padding-right: 3px; text-align: right"><button class="icon button" name="openBattleOptions" title="Options">Battle Options</button></div></div><div class="inner message-log"><div class="chat"><small class="gray">☆FletchHead and ☆Timbejon joined</small></div><div class=""><small>Format:</small> <br><strong>[Gen 9 Champions] Draft</strong></div><div class=""><small><em>Endless Battle Clause:</em> Forcing endless battles is banned</small></div><div class=""><small><em>Species Clause:</em> Limit one of each Pokémon</small></div><div class=""><small><em>Sleep Clause Mod:</em> Limit one foe put to sleep</small></div><div class=""><small><em>OHKO Clause:</em> OHKO moves are banned</small></div><div class=""><small><em>Evasion Clause:</em> Evasion abilities, items, and moves are banned</small></div><div class=""><small><em>Evasion Abilities Clause:</em> Evasion abilities are banned</small></div><div class=""><small><em>Evasion Items Clause:</em> Evasion items are banned</small></div><div class=""><small><em>Evasion Moves Clause:</em> Evasion moves are banned</small></div><div class="chat battle-history"><strong>FletchHead's team:</strong> <em style="color:#445566;display:block;">Dragapult / Nidoking / Zarude-Dada / Chandelure / Rotom-Wash / Pangoro</em></div><div class="chat battle-history"><strong>Timbejon's team:</strong> <em style="color:#445566;display:block;">Gholdengo / Medicham / Darmanitan-Galar / Muk-Alola / Tapu Fini / Porygon2</em></div><div class="spacer battle-history"><br></div><div class="battle-history">Battle started between FletchHead and Timbejon!<br></div><div class="spacer battle-history"><br></div><div class="battle-history">Go! Pilebunker (<strong>Pangoro</strong>)!<br></div><div class="spacer battle-history"><br></div><div class="battle-history">Timbejon sent out Haselrig (<strong>Muk-Alola</strong>)!<br></div><div class="spacer battle-history"><br></div><h2 class="battle-history">Turn 1</h2><div class="spacer battle-history"><br></div><div class="battle-history">Pilebunker used <strong>Close Combat</strong>!<br></div><div class="battle-history"><small>(The opposing Haselrig lost 68% of its health!)</small><br></div><div class="battle-history"><small>Pilebunker's Defense fell!</small><br></div><div class="battle-history"><small>Pilebunker's Sp. Def fell!</small><br></div><div class="spacer battle-history"><br></div><div class="battle-history">The opposing Haselrig used <strong>Drain Punch</strong>!<br></div><div class="battle-history"><small>It's super effective!</small><br></div><div class="battle-history"><small>(Pilebunker lost <abbr title="−298/331">90.0%</abbr> of its health!)</small><br></div><div class="battle-history"><small>Pilebunker had its energy drained!</small><br></div><div class="spacer battle-history"><br></div><div class="battle-history"><small>The opposing Haselrig restored a little HP using its Black Sludge!</small><br></div><div class="spacer battle-history"><br></div><h2 class="battle-history">Turn 2</h2><div class="spacer battle-history"><br></div><div class="battle-history">Pilebunker used <strong>Close Combat</strong>!<br></div><div class="battle-history"><small>(The opposing Haselrig lost 71% of its health!)</small><br></div><div class="battle-history"><small>Pilebunker's Defense fell!</small><br></div><div class="battle-history"><small>Pilebunker's Sp. Def fell!</small><br></div><div class="spacer battle-history"><br></div><div class="battle-history">The opposing Haselrig used <strong>Drain Punch</strong>!<br></div><div class="battle-history"><small>It's super effective!</small><br></div><div class="battle-history"><small>(Pilebunker lost <abbr title="−33/331">10.0%</abbr> of its health!)</small><br></div><div class="battle-history"><small>Pilebunker had its energy drained!</small><br></div><div class="spacer battle-history"><br></div><div class="battle-history">Pilebunker fainted!<br></div><div class="spacer battle-history"><br></div><div class="battle-history"><small>The opposing Haselrig restored a little HP using its Black Sludge!</small><br></div><div class="spacer battle-history"><br></div><div class="battle-history">Go! call 0x$0.20 (<strong>Nidoking</strong>)!<br></div><div class="spacer battle-history"><br></div><h2 class="battle-history">Turn 3</h2><div class="spacer battle-history"><br></div><div class="battle-history">Timbejon withdrew Haselrig!<br></div><div class="battle-history">Timbejon sent out Duckson (<strong>Porygon2</strong>)!<br></div><div class="battle-history">[The opposing Duckson's Trace]<br>[The opposing Duckson's Sheer Force]<br><small>The opposing Duckson traced call 0x$0.20's Sheer Force!</small><br></div><div class="spacer battle-history"><br></div><div class="battle-history">call 0x$0.20 used <strong>Earth Power</strong>!<br></div><div class="battle-history"><small>(The opposing Duckson lost 31% of its health!)</small><br></div><div class="spacer battle-history"><br></div><h2 class="battle-history">Turn 4</h2><div class="spacer battle-history"><br></div><div class="battle-history">call 0x$0.20 used <strong>Stealth Rock</strong>!<br></div><div class="battle-history"><small>Pointed stones float in the air around the opposing team!</small><br></div><div class="spacer battle-history"><br></div><div class="battle-history">The opposing Duckson used <strong>Pain Split</strong>!<br></div><div class="battle-history"><small>The battlers shared their pain!</small><br></div><div class="spacer battle-history"><br></div><h2 class="battle-history">Turn 5</h2><div class="spacer battle-history"><br></div><div class="battle-history">call 0x$0.20 used <strong>Sludge Wave</strong>!<br></div><div class="battle-history"><small>(The opposing Duckson lost 30% of its health!)</small><br></div><div class="spacer battle-history"><br></div><div class="battle-history">The opposing Duckson used <strong>Tri Attack</strong>!<br></div><div class="battle-history"><small>(call 0x$0.20 lost <abbr title="−165/303">54.5%</abbr> of its health!)</small><br></div><div class="spacer battle-history"><br></div><h2 class="battle-history">Turn 6</h2><div class="spacer battle-history"><br></div><div class="battle-history">call 0x$0.20, come back!<br></div><div class="battle-history">Go! Kickstart My Heart (<strong>Dragapult</strong>)!<br></div><div class="spacer battle-history"><br></div><div class="battle-history">The opposing Duckson used <strong>Tri Attack</strong>!<br></div><div class="battle-history"><small>It doesn't affect Kickstart My Heart...</small><br></div><div class="spacer battle-history"><br></div><h2 class="battle-history">Turn 7</h2><div class="spacer battle-history"><br></div><div class="battle-history">Kickstart My Heart used <strong>Infestation</strong>!<br></div><div class="battle-history"><small>(The opposing Duckson lost 3% of its health!)</small><br></div><div class="battle-history"><small>The opposing Duckson has been afflicted with an infestation by Kickstart My Heart!</small><br></div><div class="spacer battle-history"><br></div><div class="battle-history">The opposing Duckson used <strong>Toxic</strong>!<br></div><div class="battle-history"><small>Kickstart My Heart was badly poisoned!</small><br></div><div class="spacer battle-history"><br></div><div class="battle-history"><small>Kickstart My Heart was hurt by poison!</small><br></div><div class="battle-history"><small>The opposing Duckson is hurt by Infestation!</small><br></div><div class="spacer battle-history"><br></div><h2 class="battle-history">Turn 8</h2><div class="spacer battle-history"><br></div><div class="battle-history">Kickstart My Heart used <strong>Curse</strong>!<br></div><div class="battle-history"><small>Kickstart My Heart cut its own HP and put a curse on the opposing Duckson!</small><br></div><div class="battle-history"><small>(Kickstart My Heart lost <abbr title="−189/379">49.9%</abbr> of its health!)</small><br></div><div class="spacer battle-history"><br></div><div class="battle-history">The opposing Duckson used <strong>Pain Split</strong>!<br></div><div class="battle-history"><small>The battlers shared their pain!</small><br></div><div class="spacer battle-history"><br></div><div class="battle-history"><small>Kickstart My Heart was hurt by poison!</small><br></div><div class="battle-history"><small>The opposing Duckson is afflicted by the curse!</small><br></div><div class="battle-history"><small>The opposing Duckson is hurt by Infestation!</small><br></div><div class="spacer battle-history"><br></div><div class="battle-history">The opposing Duckson fainted!<br></div><div class="spacer battle-history"><br></div><div class="battle-history">Timbejon sent out Haselrig (<strong>Muk-Alola</strong>)!<br></div><div class="battle-history"><small>Pointed stones dug into the opposing Haselrig!</small><br></div><div class="spacer battle-history"><br></div><h2 class="battle-history">Turn 9</h2><div class="chat"><small class="gray"> tony toucannon joined</small></div><div class="spacer battle-history"><br></div><div class="battle-history">Kickstart My Heart used <strong>Rest</strong>!<br></div><div class="battle-history"><small>Kickstart My Heart slept and became healthy!</small><br></div><div class="spacer battle-history"><br></div><div class="battle-history">The opposing Haselrig used <strong>Pursuit</strong>!<br></div><div class="battle-history"><small>It's super effective!</small><br></div><div class="battle-history"><small>(Kickstart My Heart lost <abbr title="−156/379">41.2%</abbr> of its health!)</small><br></div><div class="spacer battle-history"><br></div><div class="battle-history"><small>The opposing Haselrig restored a little HP using its Black Sludge!</small><br></div><div class="spacer battle-history"><br></div><h2 class="battle-history">Turn 10</h2><div class="spacer battle-history"><br></div><div class="battle-history">Kickstart My Heart is fast asleep.<br></div><div class="spacer battle-history"><br></div><div class="battle-history">Kickstart My Heart used <strong>Snore</strong>!<br></div><div class="battle-history"><small>(The opposing Haselrig lost 7% of its health!)</small><br></div><div class="spacer battle-history"><br></div><div class="battle-history">The opposing Haselrig fainted!<br></div><div class="spacer battle-history"><br></div><div class="battle-history">Timbejon sent out Marie (<strong>Tapu Fini</strong>)!<br></div><div class="battle-history"><small>Pointed stones dug into the opposing Marie!</small><br></div><div class="battle-history">[The opposing Marie's Misty Surge]<br><small>Mist swirled around the battlefield!</small><br></div><div class="spacer battle-history"><br></div><h2 class="battle-history">Turn 11</h2><div class="spacer battle-history"><br></div><div class="battle-history">Kickstart My Heart, come back!<br></div><div class="battle-history">Go! call 0x$0.20 (<strong>Nidoking</strong>)!<br></div><div class="spacer battle-history"><br></div><div class="battle-history">The opposing Marie used <strong>Calm Mind</strong>!<br></div><div class="battle-history"><small>The opposing Marie's Sp. Atk rose!</small><br></div><div class="battle-history"><small>The opposing Marie's Sp. Def rose!</small><br></div><div class="spacer battle-history"><br></div><div class="battle-history"><small>The opposing Marie restored a little HP using its Leftovers!</small><br></div><div class="spacer battle-history"><br></div><h2 class="battle-history">Turn 12</h2><div class="spacer battle-history"><br></div><div class="battle-history">call 0x$0.20 used <strong>Sludge Wave</strong>!<br></div><div class="battle-history"><small>It's super effective!</small><br></div><div class="battle-history"><small>(The opposing Marie lost 57% of its health!)</small><br></div><div class="spacer battle-history"><br></div><div class="battle-history">The opposing Marie used <strong>Dazzling Gleam</strong>!<br></div><div class="battle-history"><small>It's not very effective...</small><br></div><div class="battle-history"><small>(call 0x$0.20 lost <abbr title="−93/303">30.7%</abbr> of its health!)</small><br></div><div class="spacer battle-history"><br></div><div class="battle-history"><small>The opposing Marie restored a little HP using its Leftovers!</small><br></div><div class="spacer battle-history"><br></div><h2 class="battle-history">Turn 13</h2><div class="spacer battle-history"><br></div><div class="battle-history">The opposing Marie used <strong>Protect</strong>!<br></div><div class="battle-history"><small>The opposing Marie protected itself!</small><br></div><div class="spacer battle-history"><br></div><div class="battle-history">call 0x$0.20 used <strong>Sludge Wave</strong>!<br></div><div class="battle-history"><small>The opposing Marie protected itself!</small><br></div><div class="spacer battle-history"><br></div><div class="battle-history"><small>The opposing Marie restored a little HP using its Leftovers!</small><br></div><div class="spacer battle-history"><br></div><h2 class="battle-history">Turn 14</h2><div class="spacer battle-history"><br></div><div class="battle-history">Timbejon withdrew Marie!<br></div><div class="battle-history">Timbejon sent out Cromwell (<strong>Gholdengo</strong>)!<br></div><div class="battle-history"><small>Pointed stones dug into the opposing Cromwell!</small><br></div><div class="spacer battle-history"><br></div><div class="battle-history">call 0x$0.20 used <strong>Sludge Wave</strong>!<br></div><div class="battle-history"><small>It doesn't affect the opposing Cromwell...</small><br></div><div class="spacer battle-history"><br></div><h2 class="battle-history">Turn 15</h2><div class="spacer battle-history"><br></div><div class="battle-history">call 0x$0.20 used <strong>Sucker Punch</strong>!<br></div><div class="battle-history"><small>But it failed!</small><br></div><div class="spacer battle-history"><br></div><div class="battle-history">The opposing Cromwell used <strong>Nasty Plot</strong>!<br></div><div class="battle-history"><small>The opposing Cromwell's Sp. Atk rose sharply!</small><br></div><div class="spacer battle-history"><br></div><div class="battle-history"><small>The mist disappeared from the battlefield.</small><br></div><div class="spacer battle-history"><br></div><h2 class="battle-history">Turn 16</h2><div class="spacer battle-history"><br></div><div class="battle-history">call 0x$0.20 used <strong>Earth Power</strong>!<br></div><div class="battle-history"><small>It's super effective!</small><br></div><div class="battle-history"><small>(The opposing Cromwell lost 94% of its health!)</small><br></div><div class="spacer battle-history"><br></div><div class="battle-history">The opposing Cromwell fainted!<br></div><div class="chat"><small class="gray"></small></div><div class="spacer battle-history"><br></div><div class="battle-history">Timbejon sent out Monck (<strong>Medicham</strong>)!<br></div><div class="battle-history"><small>Pointed stones dug into the opposing Monck!</small><br></div><div class="spacer battle-history"><br></div><h2 class="battle-history">Turn 17</h2><div class="spacer battle-history"><br></div><div class="battle-history"><small>The opposing Monck's Medichamite is reacting to the Key Stone!</small><br>The opposing Monck has Mega Evolved into Mega Medicham!<br></div><div class="spacer battle-history"><br></div><div class="battle-history">The opposing Monck used <strong>Bullet Punch</strong>!<br></div><div class="battle-history"><small>(call 0x$0.20 lost <abbr title="−22/303">7.3%</abbr> of its health!)</small><br></div><div class="spacer battle-history"><br></div><div class="battle-history">call 0x$0.20 fainted!<br></div><div class="spacer battle-history"><br></div><div class="battle-history">Go! Nostrovia (<strong>Chandelure</strong>)!<br></div><div class="spacer battle-history"><br></div><h2 class="battle-history">Turn 18</h2><div class="spacer battle-history"><br></div><div class="battle-history"><small>Nostrovia's Chandelurite is reacting to the Key Stone!</small><br>Nostrovia has Mega Evolved into Mega Chandelure!<br></div><div class="spacer battle-history"><br></div><div class="battle-history">The opposing Monck used <strong>Psycho Cut</strong>!<br></div><div class="battle-history"><small>(Nostrovia lost <abbr title="−154/324">47.5%</abbr> of its health!)</small><br></div><div class="spacer battle-history"><br></div><div class="battle-history">Nostrovia used <strong>Flame Charge</strong>!<br></div><div class="battle-history"><small>(The opposing Monck lost 18% of its health!)</small><br></div><div class="battle-history"><small>Nostrovia's Speed rose!</small><br></div><div class="spacer battle-history"><br></div><h2 class="battle-history">Turn 19</h2><div class="spacer battle-history"><br></div><div class="battle-history">Nostrovia used <strong>Shadow Ball</strong>!<br></div><div class="battle-history"><small>It's super effective!</small><br></div><div class="battle-history"><small>(The opposing Monck lost 76% of its health!)</small><br></div><div class="spacer battle-history"><br></div><div class="battle-history">The opposing Monck fainted!<br></div><div class="spacer battle-history"><br></div><div class="battle-history">Timbejon sent out Lambert (<strong>Darmanitan-Galar</strong>)!<br></div><div class="battle-history"><small>Pointed stones dug into the opposing Lambert!</small><br></div><div class="spacer battle-history"><br></div><h2 class="battle-history">Turn 20</h2><div class="spacer battle-history"><br></div><div class="battle-history">The opposing Lambert used <strong>Zen Headbutt</strong>!<br></div><div class="battle-history"><small>(Nostrovia lost <abbr title="−103/324">31.8%</abbr> of its health!)</small><br></div><div class="spacer battle-history"><br></div><div class="battle-history">Nostrovia used <strong>Flamethrower</strong>!<br></div><div class="battle-history"><small>It's super effective!</small><br></div><div class="battle-history"><small>(The opposing Lambert lost 76% of its health!)</small><br></div><div class="spacer battle-history"><br></div><div class="battle-history">The opposing Lambert fainted!<br></div><div class="chat"><small class="gray"> ebastia12 joined</small></div><div class="spacer battle-history"><br></div><div class="battle-history">Timbejon sent out Marie (<strong>Tapu Fini</strong>)!<br></div><div class="battle-history"><small>Pointed stones dug into the opposing Marie!</small><br></div><div class="battle-history">[The opposing Marie's Misty Surge]<br><small>Mist swirled around the battlefield!</small><br></div><div class="spacer battle-history"><br></div><h2 class="battle-history">Turn 21</h2><div class="spacer battle-history"><br></div><div class="battle-history">Nostrovia used <strong>Shadow Ball</strong>!<br></div><div class="battle-history"><small>(The opposing Marie lost 31% of its health!)</small><br></div><div class="spacer battle-history"><br></div><div class="battle-history">The opposing Marie used <strong>Draining Kiss</strong>!<br></div><div class="battle-history"><small>It's not very effective...</small><br></div><div class="battle-history"><small>(Nostrovia lost <abbr title="−27/324">8.3%</abbr> of its health!)</small><br></div><div class="battle-history"><small>Nostrovia had its energy drained!</small><br></div><div class="spacer battle-history"><br></div><div class="battle-history"><small>The opposing Marie restored a little HP using its Leftovers!</small><br></div><div class="spacer battle-history"><br></div><h2 class="battle-history">Turn 22</h2><div class="spacer battle-history"><br></div><div class="battle-history">Nostrovia used <strong>Shadow Ball</strong>!<br></div><div class="battle-history"><small>(The opposing Marie lost 17% of its health!)</small><br></div><div class="spacer battle-history"><br></div><div class="battle-history">The opposing Marie fainted!<br></div><div class="spacer battle-history"><br></div><div class="battle-history"><strong>FletchHead</strong> won the battle!<br></div></div><div class="inner-preempt message-log"></div></div></div>
</div>
<script>
let daily = Math.floor(Date.now()/1000/60/60/24);document.write('<script src="https://play.pokemonshowdown.com/js/replay-embed.js?version'+daily+'"></'+'script>');
</script>
