<!DOCTYPE html>
<meta charset="utf-8" />
<!-- version 1 -->
<title>[Gen 9 Champions] Draft replay: adunka vs. Timbejon</title>
<style>
html,body {font-family:Verdana, sans-serif;font-size:10pt;margin:0;padding:0;}body{padding:12px 0;} .battle-log {font-family:Verdana, sans-serif;font-size:10pt;} .battle-log-inline {border:1px solid #AAAAAA;background:#EEF2F5;color:black;max-width:640px;margin:0 auto 80px;padding-bottom:5px;} .battle-log .inner {padding:4px 8px 0px 8px;} .battle-log .inner-preempt {padding:0 8px 4px 8px;} .battle-log .inner-after {margin-top:0.5em;} .battle-log h2 {margin:0.5em -8px;padding:4px 8px;border:1px solid #AAAAAA;background:#E0E7EA;border-left:0;border-right:0;font-family:Verdana, sans-serif;font-size:13pt;} .battle-log .chat {vertical-align:middle;padding:3px 0 3px 0;font-size:8pt;} .battle-log .chat strong {color:#40576A;} .battle-log .chat em {padding:1px 4px 1px 3px;color:#000000;font-style:normal;} .chat.mine {background:rgba(0,0,0,0.05);margin-left:-8px;margin-right:-8px;padding-left:8px;padding-right:8px;} .spoiler {color:#BBBBBB;background:#BBBBBB;padding:0px 3px;} .spoiler:hover, .spoiler:active, .spoiler-shown {color:#000000;background:#E2E2E2;padding:0px 3px;} .spoiler a {color:#BBBBBB;} .spoiler:hover a, .spoiler:active a, .spoiler-shown a {color:#2288CC;} .chat code, .chat .spoiler:hover code, .chat .spoiler:active code, .chat .spoiler-shown code {border:1px solid #C0C0C0;background:#EEEEEE;color:black;padding:0 2px;} .chat .spoiler code {border:1px solid #CCCCCC;background:#CCCCCC;color:#CCCCCC;} .battle-log .rated {padding:3px 4px;} .battle-log .rated strong {color:white;background:#89A;padding:1px 4px;border-radius:4px;} .spacer {margin-top:0.5em;} .message-announce {background:#6688AA;color:white;padding:1px 4px 2px;} .message-announce a, .broadcast-green a, .broadcast-blue a, .broadcast-red a {color:#DDEEFF;} .broadcast-green {background-color:#559955;color:white;padding:2px 4px;} .broadcast-blue {background-color:#6688AA;color:white;padding:2px 4px;} .infobox {border:1px solid #6688AA;padding:2px 4px;} .infobox-limited {max-height:200px;overflow:auto;overflow-x:hidden;} .broadcast-red {background-color:#AA5544;color:white;padding:2px 4px;} .message-learn-canlearn {font-weight:bold;color:#228822;text-decoration:underline;} .message-learn-cannotlearn {font-weight:bold;color:#CC2222;text-decoration:underline;} .message-effect-weak {font-weight:bold;color:#CC2222;} .message-effect-resist {font-weight:bold;color:#6688AA;} .message-effect-immune {font-weight:bold;color:#666666;} .message-learn-list {margin-top:0;margin-bottom:0;} .message-throttle-notice, .message-error {color:#992222;} .message-overflow, .chat small.message-overflow {font-size:0pt;} .message-overflow::before {font-size:9pt;content:'...';} .subtle {color:#3A4A66;}
</style>
<div class="wrapper replay-wrapper" style="max-width:1180px;margin:0 auto">
<input type="hidden" name="replayid" value="unregisteredserver-gen9championsdraft-53" />
<div class="battle"></div><div class="battle-log"></div><div class="replay-controls"></div><div class="replay-controls-2"></div>
<h1 style="font-weight:normal;text-align:center"><strong>[Gen 9 Champions] Draft</strong><br /><a href="http://pokemonshowdown.com/users/adunka" class="subtle" target="_blank">adunka</a> vs. <a href="http://pokemonshowdown.com/users/timbejon" class="subtle" target="_blank">Timbejon</a></h1>
<script type="text/plain" class="battle-log-data">|j|☆adunka
|j|☆Timbejon

|t:|1779413461
|gametype|singles
|player|p1|adunka|102|
|player|p2|Timbejon|2|
|gen|9
|tier|[Gen 9 Champions] Draft
|rule|Endless Battle Clause: Forcing endless battles is banned
|rule|Species Clause: Limit one of each Pokémon
|rule|Sleep Clause Mod: Limit one foe put to sleep
|rule|OHKO Clause: OHKO moves are banned
|rule|Evasion Clause: Evasion abilities, items, and moves are banned
|rule|Evasion Abilities Clause: Evasion abilities are banned
|rule|Evasion Items Clause: Evasion items are banned
|rule|Evasion Moves Clause: Evasion moves are banned
|clearpoke
|poke|p1|Great Tusk|
|poke|p1|Raikou|
|poke|p1|Skarmory, F|
|poke|p1|Chi-Yu|
|poke|p1|Beedrill, M|
|poke|p1|Latias, F|
|poke|p2|Oricorio-Pom-Pom, M|
|poke|p2|Medicham, M|
|poke|p2|Gholdengo|
|poke|p2|Porygon2, shiny|
|poke|p2|Tapu Fini|
|poke|p2|Darmanitan-Galar, M|
|teampreview
|c|☆adunka|Oh yeah
|c|☆adunka|It's gamer time
|c|☆Timbejon|Glhf
|c|☆adunka|Let's make it a good one
|j| Ebastia12
|
|t:|1779413574
|teamsize|p1|6
|teamsize|p2|6
|start
|switch|p1a: You|Beedrill, M|100\/100
|switch|p2a: Duckson|Porygon2, shiny|374\/374
|turn|1
|
|t:|1779413593
|detailschange|p1a: You|Beedrill-Mega, M
|-mega|p1a: You|Beedrill|Beedrillite
|move|p1a: You|Knock Off|p2a: Duckson
|-damage|p2a: Duckson|280\/374
|-enditem|p2a: Duckson|Eviolite|[from] move: Knock Off|[of] p1a: You
|move|p2a: Duckson|Trick Room|p2a: Duckson
|-fieldstart|move: Trick Room|[of] p2a: Duckson
|
|upkeep
|turn|2
|c|☆adunka|Yyyyerp
|
|t:|1779413650
|move|p2a: Duckson|Tri Attack|p1a: You
|-damage|p1a: You|66\/100
|-status|p1a: You|par
|move|p1a: You|U-turn|p2a: Duckson
|-damage|p2a: Duckson|90\/374
|c|☆adunka|Boooo
|
|t:|1779413663
|switch|p1a: Gas Station|Latias, F|100\/100|[from] U-turn
|
|upkeep
|turn|3
|
|t:|1779413697
|switch|p2a: Lambert|Darmanitan-Galar, M|414\/414
|move|p1a: Gas Station|Thunderbolt|p2a: Lambert
|-damage|p2a: Lambert|294\/414
|
|upkeep
|turn|4
|c|☆Timbejon|Don't boo my goat Duckson
|
|t:|1779413715
|move|p1a: Gas Station|Protect|p1a: Gas Station
|-singleturn|p1a: Gas Station|Protect
|move|p2a: Lambert|U-turn|p1a: Gas Station
|-activate|p1a: Gas Station|move: Protect
|
|upkeep
|turn|5
|c|☆adunka|I hate your son
|c|☆adunka|Local man learns to bring protect against trick room
|c|☆Timbejon|He's not my son
|
|t:|1779413741
|switch|p1a: You|Beedrill-Mega, M|66\/100 par
|move|p2a: Lambert|U-turn|p1a: You
|-resisted|p1a: You|1
|-damage|p1a: You|0 fnt
|faint|p1a: You
|
|t:|1779413755
|switch|p2a: Monck|Medicham, M|324\/324|[from] U-turn
|
|-fieldend|move: Trick Room
|upkeep
|c|☆Timbejon|He's the son of a great hero, long since passed
|
|t:|1779413794
|switch|p1a: Roofie|Skarmory, F|100\/100
|turn|6
|
|t:|1779413803
|detailschange|p2a: Monck|Medicham-Mega, M
|-mega|p2a: Monck|Medicham|Medichamite
|move|p2a: Monck|Bulk Up|p2a: Monck
|-boost|p2a: Monck|atk|1
|-boost|p2a: Monck|def|1
|move|p1a: Roofie|Stealth Rock|p2a: Monck
|-sidestart|p2: Timbejon|move: Stealth Rock
|
|upkeep
|turn|7
|
|t:|1779413819
|move|p2a: Monck|Drain Punch|p1a: Roofie
|-damage|p1a: Roofie|19\/100
|-damage|p2a: Monck|270\/324|[from] item: Rocky Helmet|[of] p1a: Roofie
|move|p1a: Roofie|Spikes|p2a: Monck
|-sidestart|p2: Timbejon|Spikes
|
|upkeep
|turn|8
|j| jafen
|
|t:|1779413843
|switch|p1a: Gas Station|Latias, F|100\/100
|move|p2a: Monck|Drain Punch|p1a: Gas Station
|-resisted|p1a: Gas Station|1
|-damage|p1a: Gas Station|40\/100
|-heal|p2a: Monck|324\/324|[from] drain|[of] p1a: Gas Station
|
|-heal|p1a: Gas Station|46\/100|[from] item: Leftovers
|upkeep
|turn|9
|
|t:|1779413863
|move|p2a: Monck|Bullet Punch|p1a: Gas Station
|-damage|p1a: Gas Station|0 fnt
|faint|p1a: Gas Station
|
|upkeep
|
|t:|1779413869
|switch|p1a: FISH|Chi-Yu|100\/100
|-ability|p1a: FISH|Beads of Ruin
|turn|10
|
|t:|1779413885
|move|p1a: FISH|Flamethrower|p2a: Monck
|-damage|p2a: Monck|66\/324
|move|p2a: Monck|Drain Punch|p1a: FISH
|-supereffective|p1a: FISH|1
|-damage|p1a: FISH|0 fnt
|-heal|p2a: Monck|197\/324|[from] drain|[of] p1a: FISH
|faint|p1a: FISH
|
|upkeep
|
|t:|1779413900
|switch|p1a: Getting For Dinner|Great Tusk|100\/100
|-enditem|p1a: Getting For Dinner|Booster Energy
|-activate|p1a: Getting For Dinner|ability: Protosynthesis|[fromitem]
|-start|p1a: Getting For Dinner|protosynthesisspe
|turn|11
|c| jafen|the medishamgod has arrived
|c|☆adunka|Guys I dont know what im doing
|
|t:|1779413918
|move|p1a: Getting For Dinner|Bulk Up|p1a: Getting For Dinner
|-boost|p1a: Getting For Dinner|atk|1
|-boost|p1a: Getting For Dinner|def|1
|move|p2a: Monck|Psycho Cut|p1a: Getting For Dinner
|-supereffective|p1a: Getting For Dinner|1
|-damage|p1a: Getting For Dinner|24\/100
|
|upkeep
|turn|12
|
|t:|1779413932
|move|p2a: Monck|Bullet Punch|p1a: Getting For Dinner
|-damage|p1a: Getting For Dinner|9\/100
|move|p1a: Getting For Dinner|Headlong Rush|p2a: Monck
|-damage|p2a: Monck|4\/324
|-unboost|p1a: Getting For Dinner|def|1
|-unboost|p1a: Getting For Dinner|spd|1
|
|upkeep
|turn|13
|c|☆Timbejon|Oh my god
|c| jafen|no way that didn't ko
|c| jafen|modest great tusk
|c| jafen|0 iv
|c|☆adunka|MY FUCKING REVERSE SWEEP NOOOO
|c|☆adunka|Fun fact the only way to get booster speed on tusk is jolly 252 speed 4 iv attack
|
|t:|1779413982
|move|p2a: Monck|Bullet Punch|p1a: Getting For Dinner
|-damage|p1a: Getting For Dinner|0 fnt
|faint|p1a: Getting For Dinner
|-end|p1a: Getting For Dinner|Protosynthesis|[silent]
|
|upkeep
|
|t:|1779413986
|switch|p1a: Black Out|Raikou|100\/100
|-ability|p1a: Black Out|Pressure
|turn|14
|
|t:|1779414002
|move|p2a: Monck|Bullet Punch|p1a: Black Out
|-resisted|p1a: Black Out|1
|-damage|p1a: Black Out|73\/100
|move|p1a: Black Out|Thunderbolt|p2a: Monck
|-damage|p2a: Monck|0 fnt
|faint|p2a: Monck
|-damage|p1a: Black Out|63\/100|[from] item: Life Orb
|
|upkeep
|
|t:|1779414031
|switch|p2a: Cromwell|Gholdengo|378\/378
|-damage|p2a: Cromwell|355\/378|[from] Stealth Rock
|-damage|p2a: Cromwell|308\/378|[from] Spikes
|turn|15
|c|☆adunka|okay we need a para into a full para let's go
|c|☆Timbejon|Uh
|c|☆Timbejon|I appear to have made a grave mistake
|
|t:|1779414102
|move|p1a: Black Out|Thunderbolt|p2a: Cromwell
|-damage|p2a: Cromwell|96\/378
|-damage|p1a: Black Out|53\/100|[from] item: Life Orb
|move|p2a: Cromwell|Nasty Plot|p2a: Cromwell
|-boost|p2a: Cromwell|spa|2
|
|upkeep
|turn|16
|c|☆adunka|Eh?
|c|☆adunka|EH?????
|
|t:|1779414118
|move|p1a: Black Out|Thunderbolt|p2a: Cromwell
|-damage|p2a: Cromwell|0 fnt
|faint|p2a: Cromwell
|-damage|p1a: Black Out|43\/100|[from] item: Life Orb
|
|upkeep
|
|t:|1779414138
|switch|p2a: Villiers|Oricorio-Pom-Pom, M|291\/291
|-damage|p2a: Villiers|219\/291|[from] Stealth Rock
|turn|17
|
|t:|1779414150
|move|p1a: Black Out|Calm Mind|p1a: Black Out
|-boost|p1a: Black Out|spa|1
|-boost|p1a: Black Out|spd|1
|move|p2a: Villiers|Quiver Dance|p2a: Villiers
|-boost|p2a: Villiers|spa|1
|-boost|p2a: Villiers|spd|1
|-boost|p2a: Villiers|spe|1
|
|upkeep
|turn|18
|c|☆adunka|Fuck my chud life
|
|t:|1779414172
|move|p1a: Black Out|Thunderbolt|p2a: Villiers
|-damage|p2a: Villiers|0 fnt
|faint|p2a: Villiers
|-damage|p1a: Black Out|33\/100|[from] item: Life Orb
|
|upkeep
|
|t:|1779414178
|switch|p2a: Lambert|Darmanitan-Galar, M|294\/414
|-damage|p2a: Lambert|191\/414|[from] Stealth Rock
|-damage|p2a: Lambert|140\/414|[from] Spikes
|turn|19
|c|☆adunka|PLEASE
|c|☆adunka|PLEASE!!!!!!
|
|t:|1779414187
|move|p1a: Black Out|Thunderbolt|p2a: Lambert
|-damage|p2a: Lambert|0 fnt
|faint|p2a: Lambert
|-damage|p1a: Black Out|23\/100|[from] item: Life Orb
|
|upkeep
|c|☆adunka|PLEASE SPEED I NEED THIS
|c| jafen|no shot
|c|☆Timbejon|You will see the grave error in the poke paste
|
|t:|1779414204
|switch|p2a: Duckson|Porygon2, shiny|90\/374
|-damage|p2a: Duckson|44\/374|[from] Stealth Rock
|-damage|p2a: Duckson|0 fnt|[from] Spikes
|faint|p2a: Duckson
|
|t:|1779414209
|switch|p2a: Marie|Tapu Fini|344\/344
|-damage|p2a: Marie|301\/344|[from] Stealth Rock
|-damage|p2a: Marie|258\/344|[from] Spikes
|-fieldstart|move: Misty Terrain|[from] ability: Misty Surge|[of] p2a: Marie
|turn|20
|c| jafen|wow, what a game
|
|t:|1779414220
|move|p1a: Black Out|Thunderbolt|p2a: Marie
|-supereffective|p2a: Marie|1
|-damage|p2a: Marie|0 fnt
|faint|p2a: Marie
|-damage|p1a: Black Out|14\/100|[from] item: Life Orb
|
|win|adunka
|c|☆Timbejon|gg
|c|☆adunka|gg!
|c|☆adunka|What the heck even</script>
</div>
<div class="battle-log battle-log-inline"><div class="inner"><div class="battle-options"><div style="padding-top: 3px; padding-right: 3px; text-align: right"><button class="icon button" name="openBattleOptions" title="Options">Battle Options</button></div></div><div class="inner message-log"><div class="chat"><small>☆adunka and ☆Timbejon joined</small></div><div class=""><small>Format:</small> <br><strong>[Gen 9 Champions] Draft</strong></div><div class=""><small><em>Endless Battle Clause:</em> Forcing endless battles is banned</small></div><div class=""><small><em>Species Clause:</em> Limit one of each Pokémon</small></div><div class=""><small><em>Sleep Clause Mod:</em> Limit one foe put to sleep</small></div><div class=""><small><em>OHKO Clause:</em> OHKO moves are banned</small></div><div class=""><small><em>Evasion Clause:</em> Evasion abilities, items, and moves are banned</small></div><div class=""><small><em>Evasion Abilities Clause:</em> Evasion abilities are banned</small></div><div class=""><small><em>Evasion Items Clause:</em> Evasion items are banned</small></div><div class=""><small><em>Evasion Moves Clause:</em> Evasion moves are banned</small></div><div class="chat battle-history"><strong>adunka's team:</strong> <em style="color:#445566;display:block;">Great Tusk / Raikou / Skarmory / Chi-Yu / Beedrill / Latias</em></div><div class="chat battle-history"><strong>Timbejon's team:</strong> <em style="color:#445566;display:block;">Oricorio-Pom-Pom / Medicham / Gholdengo / Porygon2 / Tapu Fini / Darmanitan-Galar</em></div><div class="chat chatmessage-adunka"><strong style="color:#7f8424"><span class="username"><small class="groupsymbol">☆</small>adunka</span>:</strong> <em>Oh yeah</em></div><div class="chat chatmessage-adunka"><strong style="color:#7f8424"><span class="username"><small class="groupsymbol">☆</small>adunka</span>:</strong> <em>It's gamer time</em></div><div class="chat chatmessage-timbejon mine"><strong style="color:#9431e0"><span class="username"><small class="groupsymbol">☆</small>Timbejon</span>:</strong> <em>Glhf</em></div><div class="chat chatmessage-adunka"><strong style="color:#7f8424"><span class="username"><small class="groupsymbol">☆</small>adunka</span>:</strong> <em>Let's make it a good one</em></div><div class="chat"><small> Ebastia12 joined</small></div><div class="spacer battle-history"><br></div><div class="battle-history">Battle started between adunka and Timbejon!<br></div><div class="spacer battle-history"><br></div><div class="battle-history">adunka sent out You (<strong>Beedrill</strong>)!<br></div><div class="spacer battle-history"><br></div><div class="battle-history">Go! Duckson (<strong>Porygon2</strong>)!<br></div><div class="spacer battle-history"><br></div><h2 class="battle-history">Turn 1</h2><div class="spacer battle-history"><br></div><div class="battle-history"><small>The opposing You's Beedrillite is reacting to the Key Stone!</small><br>The opposing You has Mega Evolved into Mega Beedrill!<br></div><div class="spacer battle-history"><br></div><div class="battle-history">The opposing You used <strong>Knock Off</strong>!<br></div><div class="battle-history"><small>(Duckson lost <abbr title="−94/374">25.1%</abbr> of its health!)</small><br></div><div class="battle-history"><small>The opposing You knocked off Duckson's Eviolite!</small><br></div><div class="spacer battle-history"><br></div><div class="battle-history">Duckson used <strong>Trick Room</strong>!<br></div><div class="battle-history"><small>Duckson twisted the dimensions!</small><br></div><div class="spacer battle-history"><br></div><h2 class="battle-history">Turn 2</h2><div class="chat chatmessage-adunka"><strong style="color:#7f8424"><span class="username"><small class="groupsymbol">☆</small>adunka</span>:</strong> <em>Yyyyerp</em></div><div class="spacer battle-history"><br></div><div class="battle-history">Duckson used <strong>Tri Attack</strong>!<br></div><div class="battle-history"><small>(The opposing You lost 34% of its health!)</small><br></div><div class="battle-history"><small>The opposing You is paralyzed! It may be unable to move!</small><br></div><div class="spacer battle-history"><br></div><div class="battle-history">The opposing You used <strong>U-turn</strong>!<br></div><div class="battle-history"><small>(Duckson lost <abbr title="−190/374">50.8%</abbr> of its health!)</small><br></div><div class="chat chatmessage-adunka"><strong style="color:#7f8424"><span class="username"><small class="groupsymbol">☆</small>adunka</span>:</strong> <em>Boooo</em></div><div class="spacer battle-history"><br></div><div class="battle-history">The opposing You went back to adunka!<br></div><div class="battle-history">adunka sent out Gas Station (<strong>Latias</strong>)!<br></div><div class="spacer battle-history"><br></div><h2 class="battle-history">Turn 3</h2><div class="spacer battle-history"><br></div><div class="battle-history">Duckson, come back!<br></div><div class="battle-history">Go! Lambert (<strong>Darmanitan-Galar</strong>)!<br></div><div class="spacer battle-history"><br></div><div class="battle-history">The opposing Gas Station used <strong>Thunderbolt</strong>!<br></div><div class="battle-history"><small>(Lambert lost <abbr title="−120/414">29.0%</abbr> of its health!)</small><br></div><div class="spacer battle-history"><br></div><h2 class="battle-history">Turn 4</h2><div class="chat chatmessage-timbejon mine"><strong style="color:#9431e0"><span class="username"><small class="groupsymbol">☆</small>Timbejon</span>:</strong> <em>Don't boo my goat Duckson</em></div><div class="spacer battle-history"><br></div><div class="battle-history">The opposing Gas Station used <strong>Protect</strong>!<br></div><div class="battle-history"><small>The opposing Gas Station protected itself!</small><br></div><div class="spacer battle-history"><br></div><div class="battle-history">Lambert used <strong>U-turn</strong>!<br></div><div class="battle-history"><small>The opposing Gas Station protected itself!</small><br></div><div class="spacer battle-history"><br></div><h2 class="battle-history">Turn 5</h2><div class="chat chatmessage-adunka"><strong style="color:#7f8424"><span class="username"><small class="groupsymbol">☆</small>adunka</span>:</strong> <em>I hate your son</em></div><div class="chat chatmessage-adunka"><strong style="color:#7f8424"><span class="username"><small class="groupsymbol">☆</small>adunka</span>:</strong> <em>Local man learns to bring protect against trick room</em></div><div class="chat chatmessage-timbejon mine"><strong style="color:#9431e0"><span class="username"><small class="groupsymbol">☆</small>Timbejon</span>:</strong> <em>He's not my son</em></div><div class="spacer battle-history"><br></div><div class="battle-history">adunka withdrew Gas Station!<br></div><div class="battle-history">adunka sent out You (<strong>Beedrill-Mega</strong>)!<br></div><div class="spacer battle-history"><br></div><div class="battle-history">Lambert used <strong>U-turn</strong>!<br></div><div class="battle-history"><small>It's not very effective...</small><br></div><div class="battle-history"><small>(The opposing You lost 66% of its health!)</small><br></div><div class="spacer battle-history"><br></div><div class="battle-history">The opposing You fainted!<br></div><div class="spacer battle-history"><br></div><div class="battle-history">Lambert went back to Timbejon!<br></div><div class="battle-history">Go! Monck (<strong>Medicham</strong>)!<br></div><div class="spacer battle-history"><br></div><div class="battle-history"><small>The twisted dimensions returned to normal!</small><br></div><div class="chat chatmessage-timbejon mine"><strong style="color:#9431e0"><span class="username"><small class="groupsymbol">☆</small>Timbejon</span>:</strong> <em>He's the son of a great hero, long since passed</em></div><div class="spacer battle-history"><br></div><div class="battle-history">adunka sent out Roofie (<strong>Skarmory</strong>)!<br></div><div class="spacer battle-history"><br></div><h2 class="battle-history">Turn 6</h2><div class="spacer battle-history"><br></div><div class="battle-history"><small>Monck's Medichamite is reacting to the Key Stone!</small><br>Monck has Mega Evolved into Mega Medicham!<br></div><div class="spacer battle-history"><br></div><div class="battle-history">Monck used <strong>Bulk Up</strong>!<br></div><div class="battle-history"><small>Monck's Attack rose!</small><br></div><div class="battle-history"><small>Monck's Defense rose!</small><br></div><div class="spacer battle-history"><br></div><div class="battle-history">The opposing Roofie used <strong>Stealth Rock</strong>!<br></div><div class="battle-history"><small>Pointed stones float in the air around your team!</small><br></div><div class="spacer battle-history"><br></div><h2 class="battle-history">Turn 7</h2><div class="spacer battle-history"><br></div><div class="battle-history">Monck used <strong>Drain Punch</strong>!<br></div><div class="battle-history"><small>(The opposing Roofie lost 81% of its health!)</small><br></div><div class="battle-history"><small>Monck was hurt by the Rocky Helmet!</small><br></div><div class="spacer battle-history"><br></div><div class="battle-history">The opposing Roofie used <strong>Spikes</strong>!<br></div><div class="battle-history"><small>Spikes were scattered on the ground all around your team!</small><br></div><div class="spacer battle-history"><br></div><h2 class="battle-history">Turn 8</h2><div class="chat"><small> jafen joined</small></div><div class="spacer battle-history"><br></div><div class="battle-history">adunka withdrew Roofie!<br></div><div class="battle-history">adunka sent out Gas Station (<strong>Latias</strong>)!<br></div><div class="spacer battle-history"><br></div><div class="battle-history">Monck used <strong>Drain Punch</strong>!<br></div><div class="battle-history"><small>It's not very effective...</small><br></div><div class="battle-history"><small>(The opposing Gas Station lost 60% of its health!)</small><br></div><div class="battle-history"><small>The opposing Gas Station had its energy drained!</small><br></div><div class="spacer battle-history"><br></div><div class="battle-history"><small>The opposing Gas Station restored a little HP using its Leftovers!</small><br></div><div class="spacer battle-history"><br></div><h2 class="battle-history">Turn 9</h2><div class="spacer battle-history"><br></div><div class="battle-history">Monck used <strong>Bullet Punch</strong>!<br></div><div class="battle-history"><small>(The opposing Gas Station lost 46% of its health!)</small><br></div><div class="spacer battle-history"><br></div><div class="battle-history">The opposing Gas Station fainted!<br></div><div class="spacer battle-history"><br></div><div class="battle-history">adunka sent out FISH (<strong>Chi-Yu</strong>)!<br></div><div class="battle-history">[The opposing FISH's Beads of Ruin]<br><small>The opposing FISH's Beads of Ruin weakened the Sp. Def of all surrounding Pokémon!</small><br></div><div class="spacer battle-history"><br></div><h2 class="battle-history">Turn 10</h2><div class="spacer battle-history"><br></div><div class="battle-history">The opposing FISH used <strong>Flamethrower</strong>!<br></div><div class="battle-history"><small>(Monck lost <abbr title="−258/324">79.6%</abbr> of its health!)</small><br></div><div class="spacer battle-history"><br></div><div class="battle-history">Monck used <strong>Drain Punch</strong>!<br></div><div class="battle-history"><small>It's super effective!</small><br></div><div class="battle-history"><small>(The opposing FISH lost 100% of its health!)</small><br></div><div class="battle-history"><small>The opposing FISH had its energy drained!</small><br></div><div class="spacer battle-history"><br></div><div class="battle-history">The opposing FISH fainted!<br></div><div class="spacer battle-history"><br></div><div class="battle-history">adunka sent out Getting For Dinner (<strong>Great Tusk</strong>)!<br></div><div class="battle-history"><small>(The opposing Getting For Dinner used its Booster Energy!)</small><br></div><div class="battle-history">[The opposing Getting For Dinner's Protosynthesis]<br><small>The opposing Getting For Dinner used its Booster Energy to activate Protosynthesis!</small><br></div><div class="battle-history"><small>The opposing Getting For Dinner's Speed was heightened!</small><br></div><div class="spacer battle-history"><br></div><h2 class="battle-history">Turn 11</h2><div class="chat chatmessage-jafen"><strong style="color:#669f0b"><span class="username"><small class="groupsymbol"> </small>jafen</span>:</strong> <em>the medishamgod has arrived</em></div><div class="chat chatmessage-adunka"><strong style="color:#7f8424"><span class="username"><small class="groupsymbol">☆</small>adunka</span>:</strong> <em>Guys I dont know what im doing</em></div><div class="spacer battle-history"><br></div><div class="battle-history">The opposing Getting For Dinner used <strong>Bulk Up</strong>!<br></div><div class="battle-history"><small>The opposing Getting For Dinner's Attack rose!</small><br></div><div class="battle-history"><small>The opposing Getting For Dinner's Defense rose!</small><br></div><div class="spacer battle-history"><br></div><div class="battle-history">Monck used <strong>Psycho Cut</strong>!<br></div><div class="battle-history"><small>It's super effective!</small><br></div><div class="battle-history"><small>(The opposing Getting For Dinner lost 76% of its health!)</small><br></div><div class="spacer battle-history"><br></div><h2 class="battle-history">Turn 12</h2><div class="spacer battle-history"><br></div><div class="battle-history">Monck used <strong>Bullet Punch</strong>!<br></div><div class="battle-history"><small>(The opposing Getting For Dinner lost 15% of its health!)</small><br></div><div class="spacer battle-history"><br></div><div class="battle-history">The opposing Getting For Dinner used <strong>Headlong Rush</strong>!<br></div><div class="battle-history"><small>(Monck lost <abbr title="−193/324">59.6%</abbr> of its health!)</small><br></div><div class="battle-history"><small>The opposing Getting For Dinner's Defense fell!</small><br></div><div class="battle-history"><small>The opposing Getting For Dinner's Sp. Def fell!</small><br></div><div class="spacer battle-history"><br></div><h2 class="battle-history">Turn 13</h2><div class="chat chatmessage-timbejon mine"><strong style="color:#9431e0"><span class="username"><small class="groupsymbol">☆</small>Timbejon</span>:</strong> <em>Oh my god</em></div><div class="chat chatmessage-jafen"><strong style="color:#669f0b"><span class="username"><small class="groupsymbol"> </small>jafen</span>:</strong> <em>no way that didn't ko</em></div><div class="chat chatmessage-jafen"><strong style="color:#669f0b"><span class="username"><small class="groupsymbol"> </small>jafen</span>:</strong> <em>modest great tusk</em></div><div class="chat chatmessage-jafen"><strong style="color:#669f0b"><span class="username"><small class="groupsymbol"> </small>jafen</span>:</strong> <em>0 iv</em></div><div class="chat chatmessage-adunka"><strong style="color:#7f8424"><span class="username"><small class="groupsymbol">☆</small>adunka</span>:</strong> <em>MY FUCKING REVERSE SWEEP NOOOO</em></div><div class="chat chatmessage-adunka"><strong style="color:#7f8424"><span class="username"><small class="groupsymbol">☆</small>adunka</span>:</strong> <em>Fun fact the only way to get booster speed on tusk is jolly 252 speed 4 iv attack</em></div><div class="spacer battle-history"><br></div><div class="battle-history">Monck used <strong>Bullet Punch</strong>!<br></div><div class="battle-history"><small>(The opposing Getting For Dinner lost 9% of its health!)</small><br></div><div class="spacer battle-history"><br></div><div class="battle-history">The opposing Getting For Dinner fainted!<br></div><div class="spacer battle-history"><br></div><div class="battle-history">adunka sent out Black Out (<strong>Raikou</strong>)!<br></div><div class="battle-history">[The opposing Black Out's Pressure]<br><small>The opposing Black Out is exerting its pressure!</small><br></div><div class="spacer battle-history"><br></div><h2 class="battle-history">Turn 14</h2><div class="spacer battle-history"><br></div><div class="battle-history">Monck used <strong>Bullet Punch</strong>!<br></div><div class="battle-history"><small>It's not very effective...</small><br></div><div class="battle-history"><small>(The opposing Black Out lost 27% of its health!)</small><br></div><div class="spacer battle-history"><br></div><div class="battle-history">The opposing Black Out used <strong>Thunderbolt</strong>!<br></div><div class="battle-history"><small>(Monck lost <abbr title="−4/324">1.2%</abbr> of its health!)</small><br></div><div class="spacer battle-history"><br></div><div class="battle-history">Monck fainted!<br></div><div class="battle-history"><small>The opposing Black Out lost some of its HP!</small><br></div><div class="spacer battle-history"><br></div><div class="battle-history">Go! Cromwell (<strong>Gholdengo</strong>)!<br></div><div class="battle-history"><small>Pointed stones dug into Cromwell!</small><br></div><div class="battle-history"><small>Cromwell was hurt by the spikes!</small><br></div><div class="spacer battle-history"><br></div><h2 class="battle-history">Turn 15</h2><div class="chat chatmessage-adunka"><strong style="color:#7f8424"><span class="username"><small class="groupsymbol">☆</small>adunka</span>:</strong> <em>okay we need a para into a full para let's go</em></div><div class="chat chatmessage-timbejon mine"><strong style="color:#9431e0"><span class="username"><small class="groupsymbol">☆</small>Timbejon</span>:</strong> <em>Uh</em></div><div class="chat chatmessage-timbejon mine"><strong style="color:#9431e0"><span class="username"><small class="groupsymbol">☆</small>Timbejon</span>:</strong> <em>I appear to have made a grave mistake</em></div><div class="spacer battle-history"><br></div><div class="battle-history">The opposing Black Out used <strong>Thunderbolt</strong>!<br></div><div class="battle-history"><small>(Cromwell lost <abbr title="−212/378">56.1%</abbr> of its health!)</small><br></div><div class="battle-history"><small>The opposing Black Out lost some of its HP!</small><br></div><div class="spacer battle-history"><br></div><div class="battle-history">Cromwell used <strong>Nasty Plot</strong>!<br></div><div class="battle-history"><small>Cromwell's Sp. Atk rose sharply!</small><br></div><div class="spacer battle-history"><br></div><h2 class="battle-history">Turn 16</h2><div class="chat chatmessage-adunka"><strong style="color:#7f8424"><span class="username"><small class="groupsymbol">☆</small>adunka</span>:</strong> <em>Eh?</em></div><div class="chat chatmessage-adunka"><strong style="color:#7f8424"><span class="username"><small class="groupsymbol">☆</small>adunka</span>:</strong> <em>EH?????</em></div><div class="spacer battle-history"><br></div><div class="battle-history">The opposing Black Out used <strong>Thunderbolt</strong>!<br></div><div class="battle-history"><small>(Cromwell lost <abbr title="−96/378">25.4%</abbr> of its health!)</small><br></div><div class="spacer battle-history"><br></div><div class="battle-history">Cromwell fainted!<br></div><div class="battle-history"><small>The opposing Black Out lost some of its HP!</small><br></div><div class="spacer battle-history"><br></div><div class="battle-history">Go! Villiers (<strong>Oricorio-Pom-Pom</strong>)!<br></div><div class="battle-history"><small>Pointed stones dug into Villiers!</small><br></div><div class="spacer battle-history"><br></div><h2 class="battle-history">Turn 17</h2><div class="spacer battle-history"><br></div><div class="battle-history">The opposing Black Out used <strong>Calm Mind</strong>!<br></div><div class="battle-history"><small>The opposing Black Out's Sp. Atk rose!</small><br></div><div class="battle-history"><small>The opposing Black Out's Sp. Def rose!</small><br></div><div class="spacer battle-history"><br></div><div class="battle-history">Villiers used <strong>Quiver Dance</strong>!<br></div><div class="battle-history"><small>Villiers's Sp. Atk rose!</small><br></div><div class="battle-history"><small>Villiers's Sp. Def rose!</small><br></div><div class="battle-history"><small>Villiers's Speed rose!</small><br></div><div class="spacer battle-history"><br></div><h2 class="battle-history">Turn 18</h2><div class="chat chatmessage-adunka"><strong style="color:#7f8424"><span class="username"><small class="groupsymbol">☆</small>adunka</span>:</strong> <em>Fuck my chud life</em></div><div class="spacer battle-history"><br></div><div class="battle-history">The opposing Black Out used <strong>Thunderbolt</strong>!<br></div><div class="battle-history"><small>(Villiers lost <abbr title="−219/291">75.3%</abbr> of its health!)</small><br></div><div class="spacer battle-history"><br></div><div class="battle-history">Villiers fainted!<br></div><div class="battle-history"><small>The opposing Black Out lost some of its HP!</small><br></div><div class="spacer battle-history"><br></div><div class="battle-history">Go! Lambert (<strong>Darmanitan-Galar</strong>)!<br></div><div class="battle-history"><small>Pointed stones dug into Lambert!</small><br></div><div class="battle-history"><small>Lambert was hurt by the spikes!</small><br></div><div class="spacer battle-history"><br></div><h2 class="battle-history">Turn 19</h2><div class="chat chatmessage-adunka"><strong style="color:#7f8424"><span class="username"><small class="groupsymbol">☆</small>adunka</span>:</strong> <em>PLEASE</em></div><div class="chat chatmessage-adunka"><strong style="color:#7f8424"><span class="username"><small class="groupsymbol">☆</small>adunka</span>:</strong> <em>PLEASE!!!!!!</em></div><div class="spacer battle-history"><br></div><div class="battle-history">The opposing Black Out used <strong>Thunderbolt</strong>!<br></div><div class="battle-history"><small>(Lambert lost <abbr title="−140/414">33.8%</abbr> of its health!)</small><br></div><div class="spacer battle-history"><br></div><div class="battle-history">Lambert fainted!<br></div><div class="battle-history"><small>The opposing Black Out lost some of its HP!</small><br></div><div class="chat chatmessage-adunka"><strong style="color:#7f8424"><span class="username"><small class="groupsymbol">☆</small>adunka</span>:</strong> <em>PLEASE SPEED I NEED THIS</em></div><div class="chat chatmessage-jafen"><strong style="color:#669f0b"><span class="username"><small class="groupsymbol"> </small>jafen</span>:</strong> <em>no shot</em></div><div class="chat chatmessage-timbejon mine"><strong style="color:#9431e0"><span class="username"><small class="groupsymbol">☆</small>Timbejon</span>:</strong> <em>You will see the grave error in the poke paste</em></div><div class="spacer battle-history"><br></div><div class="battle-history">Go! Duckson (<strong>Porygon2</strong>)!<br></div><div class="battle-history"><small>Pointed stones dug into Duckson!</small><br></div><div class="battle-history"><small>Duckson was hurt by the spikes!</small><br></div><div class="spacer battle-history"><br></div><div class="battle-history">Duckson fainted!<br></div><div class="spacer battle-history"><br></div><div class="battle-history">Go! Marie (<strong>Tapu Fini</strong>)!<br></div><div class="battle-history"><small>Pointed stones dug into Marie!</small><br></div><div class="battle-history"><small>Marie was hurt by the spikes!</small><br></div><div class="battle-history">[Marie's Misty Surge]<br><small>Mist swirled around the battlefield!</small><br></div><div class="spacer battle-history"><br></div><h2 class="battle-history">Turn 20</h2><div class="chat chatmessage-jafen"><strong style="color:#669f0b"><span class="username"><small class="groupsymbol"> </small>jafen</span>:</strong> <em>wow, what a game</em></div><div class="spacer battle-history"><br></div><div class="battle-history">The opposing Black Out used <strong>Thunderbolt</strong>!<br></div><div class="battle-history"><small>It's super effective!</small><br></div><div class="battle-history"><small>(Marie lost <abbr title="−258/344">75%</abbr> of its health!)</small><br></div><div class="spacer battle-history"><br></div><div class="battle-history">Marie fainted!<br></div><div class="battle-history"><small>The opposing Black Out lost some of its HP!</small><br></div><div class="spacer battle-history"><br></div><div class="battle-history"><strong>adunka</strong> won the battle!<br></div><div class="chat chatmessage-timbejon mine"><strong style="color:#9431e0"><span class="username"><small class="groupsymbol">☆</small>Timbejon</span>:</strong> <em>gg</em></div><div class="chat chatmessage-adunka"><strong style="color:#7f8424"><span class="username"><small class="groupsymbol">☆</small>adunka</span>:</strong> <em>gg!</em></div><div class="chat chatmessage-adunka"><strong style="color:#7f8424"><span class="username"><small class="groupsymbol">☆</small>adunka</span>:</strong> <em>What the heck even</em></div></div><div class="inner-preempt message-log"></div></div></div>
</div>
<script>
let daily = Math.floor(Date.now()/1000/60/60/24);document.write('<script src="https://play.pokemonshowdown.com/js/replay-embed.js?version'+daily+'"></'+'script>');
</script>
