<!DOCTYPE html>
<meta charset="utf-8" />
<!-- version 1 -->
<title>[Gen 9 Champions] Draft replay: Shirmp vs. EmolgaTheFlyingRat</title>
<style>
html,body {font-family:Verdana, sans-serif;font-size:10pt;margin:0;padding:0;}body{padding:12px 0;} .battle-log {font-family:Verdana, sans-serif;font-size:10pt;} .battle-log-inline {border:1px solid #AAAAAA;background:#EEF2F5;color:black;max-width:640px;margin:0 auto 80px;padding-bottom:5px;} .battle-log .inner {padding:4px 8px 0px 8px;} .battle-log .inner-preempt {padding:0 8px 4px 8px;} .battle-log .inner-after {margin-top:0.5em;} .battle-log h2 {margin:0.5em -8px;padding:4px 8px;border:1px solid #AAAAAA;background:#E0E7EA;border-left:0;border-right:0;font-family:Verdana, sans-serif;font-size:13pt;} .battle-log .chat {vertical-align:middle;padding:3px 0 3px 0;font-size:8pt;} .battle-log .chat strong {color:#40576A;} .battle-log .chat em {padding:1px 4px 1px 3px;color:#000000;font-style:normal;} .chat.mine {background:rgba(0,0,0,0.05);margin-left:-8px;margin-right:-8px;padding-left:8px;padding-right:8px;} .spoiler {color:#BBBBBB;background:#BBBBBB;padding:0px 3px;} .spoiler:hover, .spoiler:active, .spoiler-shown {color:#000000;background:#E2E2E2;padding:0px 3px;} .spoiler a {color:#BBBBBB;} .spoiler:hover a, .spoiler:active a, .spoiler-shown a {color:#2288CC;} .chat code, .chat .spoiler:hover code, .chat .spoiler:active code, .chat .spoiler-shown code {border:1px solid #C0C0C0;background:#EEEEEE;color:black;padding:0 2px;} .chat .spoiler code {border:1px solid #CCCCCC;background:#CCCCCC;color:#CCCCCC;} .battle-log .rated {padding:3px 4px;} .battle-log .rated strong {color:white;background:#89A;padding:1px 4px;border-radius:4px;} .spacer {margin-top:0.5em;} .message-announce {background:#6688AA;color:white;padding:1px 4px 2px;} .message-announce a, .broadcast-green a, .broadcast-blue a, .broadcast-red a {color:#DDEEFF;} .broadcast-green {background-color:#559955;color:white;padding:2px 4px;} .broadcast-blue {background-color:#6688AA;color:white;padding:2px 4px;} .infobox {border:1px solid #6688AA;padding:2px 4px;} .infobox-limited {max-height:200px;overflow:auto;overflow-x:hidden;} .broadcast-red {background-color:#AA5544;color:white;padding:2px 4px;} .message-learn-canlearn {font-weight:bold;color:#228822;text-decoration:underline;} .message-learn-cannotlearn {font-weight:bold;color:#CC2222;text-decoration:underline;} .message-effect-weak {font-weight:bold;color:#CC2222;} .message-effect-resist {font-weight:bold;color:#6688AA;} .message-effect-immune {font-weight:bold;color:#666666;} .message-learn-list {margin-top:0;margin-bottom:0;} .message-throttle-notice, .message-error {color:#992222;} .message-overflow, .chat small.message-overflow {font-size:0pt;} .message-overflow::before {font-size:9pt;content:'...';} .subtle {color:#3A4A66;}
</style>
<div class="wrapper replay-wrapper" style="max-width:1180px;margin:0 auto">
<input type="hidden" name="replayid" value="unregisteredserver-gen9championsdraft-76" />
<div class="battle"></div><div class="battle-log"></div><div class="replay-controls"></div><div class="replay-controls-2"></div>
<h1 style="font-weight:normal;text-align:center"><strong>[Gen 9 Champions] Draft</strong><br /><a href="http://pokemonshowdown.com/users/shirmp" class="subtle" target="_blank">Shirmp</a> vs. <a href="http://pokemonshowdown.com/users/emolgatheflyingrat" class="subtle" target="_blank">EmolgaTheFlyingRat</a></h1>
<script type="text/plain" class="battle-log-data">|j|☆Shirmp
|j|☆EmolgaTheFlyingRat
|t:|1781140236
|gametype|singles
|player|p1|Shirmp|juan|
|player|p2|EmolgaTheFlyingRat|lady|
|gen|9
|tier|[Gen 9 Champions] Draft
|rule|Endless Battle Clause: Forcing endless battles is banned
|rule|Species Clause: Limit one of each Pokémon
|rule|Sleep Clause Mod: Limit one foe put to sleep
|rule|OHKO Clause: OHKO moves are banned
|rule|Evasion Clause: Evasion abilities, items, and moves are banned
|rule|Evasion Abilities Clause: Evasion abilities are banned
|rule|Evasion Items Clause: Evasion items are banned
|rule|Evasion Moves Clause: Evasion moves are banned
|clearpoke
|poke|p1|Mr. Mime-Galar, F|
|poke|p1|Samurott-Hisui, M|
|poke|p1|Landorus-Therian, M|
|poke|p1|Marowak-Alola, M|
|poke|p1|Slowking-Galar, M|
|poke|p1|Tapu Koko|
|poke|p2|Blaziken, F|
|poke|p2|Zapdos|
|poke|p2|Hydrapple, M|
|poke|p2|Primarina, M|
|poke|p2|Crabominable, F|
|poke|p2|Zygarde|
|teampreview
|l|☆Shirmp
|player|p1|
|c|☆EmolgaTheFlyingRat|glhf
|c|☆EmolgaTheFlyingRat|nice tr

|j|☆Shirmp
|player|p1|Shirmp|juan|
|c|☆Shirmp|Glhf!
|j| DogeTheNoob
|
|t:|1781140363
|teamsize|p1|6
|teamsize|p2|6
|start
|switch|p1a: Randy Johnson|Slowking-Galar, M|394\/394
|switch|p2a: Bliss|Primarina, M|100\/100
|turn|1
|
|t:|1781140386
|move|p2a: Bliss|Shadow Ball|p1a: Randy Johnson
|-supereffective|p1a: Randy Johnson|1
|-damage|p1a: Randy Johnson|184\/394
|move|p1a: Randy Johnson|Sludge Bomb|p2a: Bliss
|-supereffective|p2a: Bliss|1
|-damage|p2a: Bliss|40\/100
|
|-heal|p1a: Randy Johnson|208\/394|[from] item: Black Sludge
|upkeep
|turn|2
|
|t:|1781140459
|switch|p2a: Big Z|Zapdos|100\/100
|-heal|p1a: Randy Johnson|339\/394|[from] ability: Regenerator|[silent]
|switch|p1a: Mason Miller|Samurott-Hisui, M|321\/321
|
|upkeep
|turn|3
|
|t:|1781140538
|switch|p1a: Shotei|Landorus-Therian, M|382\/382
|-ability|p1a: Shotei|Intimidate|boost
|-unboost|p2a: Big Z|atk|1
|move|p2a: Big Z|Hurricane|p1a: Shotei
|-damage|p1a: Shotei|214\/382
|-enditem|p1a: Shotei|Eject Button
|
|t:|1781140548
|switch|p1a: Randy Johnson|Slowking-Galar, M|339\/394
|
|-heal|p1a: Randy Johnson|363\/394|[from] item: Black Sludge
|upkeep
|turn|4
|
|t:|1781140567
|move|p2a: Big Z|Charge|p2a: Big Z
|-boost|p2a: Big Z|spd|1
|-start|p2a: Big Z|Charge
|move|p1a: Randy Johnson|Future Sight|p2a: Big Z
|-start|p1a: Randy Johnson|move: Future Sight
|
|-heal|p1a: Randy Johnson|387\/394|[from] item: Black Sludge
|upkeep
|turn|5
|
|t:|1781140601
|move|p2a: Big Z|Hurricane|p1a: Randy Johnson
|-damage|p1a: Randy Johnson|266\/394
|move|p1a: Randy Johnson|Sludge Bomb|p2a: Big Z
|-damage|p2a: Big Z|85\/100
|-status|p2a: Big Z|psn
|
|-heal|p1a: Randy Johnson|290\/394|[from] item: Black Sludge
|-damage|p2a: Big Z|73\/100 psn|[from] psn
|upkeep
|turn|6
|c|☆EmolgaTheFlyingRat|rip
|
|t:|1781140703
|move|p2a: Big Z|Volt Switch|p1a: Randy Johnson
|-damage|p1a: Randy Johnson|142\/394
|-end|p2a: Big Z|Charge|[silent]
|
|t:|1781140732
|switch|p2a: Bigger Z|Zygarde|100\/100|[from] Volt Switch
|-ability|p2a: Bigger Z|Aura Break
|-prepare|p1a: Randy Johnson|Chilly Reception|[premajor]
|move|p1a: Randy Johnson|Chilly Reception|p1a: Randy Johnson
|-weather|Snowscape
|
|t:|1781140741
|-heal|p1a: Randy Johnson|273\/394|[from] ability: Regenerator|[silent]
|switch|p1a: Mat Patkin|Mr. Mime-Galar, F|304\/304|[from] Chilly Reception
|
|-weather|Snowscape|[upkeep]
|-end|p2a: Bigger Z|move: Future Sight
|-damage|p2a: Bigger Z|65\/100
|-heal|p2a: Bigger Z|71\/100|[from] item: Leftovers
|upkeep
|turn|7
|c|☆EmolgaTheFlyingRat|!dt mr mime galar
|c|☆EmolgaTheFlyingRat|\/raw <div class="message"><ul class="utilichart"><li class="result"><span class="col numcol">Illegal<\/span> <span class="col iconcol"><psicon pokemon="mrmimegalar"\/><\/span> <span class="col pokemonnamecol" style="white-space:nowrap"><a href="https:\/\/dex.pokemonshowdown.com\/pokemon\/mrmimegalar" target="_blank">Mr. Mime-Galar<\/a><\/span> <span class="col typecol"><img src="https:\/\/play.pokemonshowdown.com\/sprites\/types\/Ice.png" alt="Ice" height="14" width="32"><img src="https:\/\/play.pokemonshowdown.com\/sprites\/types\/Psychic.png" alt="Psychic" height="14" width="32"><\/span> <span style="float:left;min-height:26px"><span class="col twoabilitycol">Vital Spirit<br \/>Screen Cleaner<\/span><span class="col abilitycol"><em>Ice Body<\/em><\/span><\/span><span style="float:left;min-height:26px"><span class="col statcol"><em>HP<\/em><br \/>50<\/span> <span class="col statcol"><em>Atk<\/em><br \/>65<\/span> <span class="col statcol"><em>Def<\/em><br \/>65<\/span> <span class="col statcol"><em>SpA<\/em><br \/>90<\/span> <span class="col statcol"><em>SpD<\/em><br \/>90<\/span> <span class="col statcol"><em>Spe<\/em><br \/>100<\/span> <span class="col bstcol"><em>BST<br \/>460<\/em><\/span> <\/span><\/li><li style="clear:both"><\/li><\/ul><\/div>
|c|☆EmolgaTheFlyingRat|\/raw <font size="1"><font color="#686868">Dex#:<\/font> 122&nbsp;|&ThickSpace;<font color="#686868">Gen:<\/font> 8&nbsp;|&ThickSpace;<font color="#686868">Height:<\/font> 1.4 m&nbsp;|&ThickSpace;<font color="#686868">Weight:<\/font> 56.8 kg <em>(80 BP)<\/em>&nbsp;|&ThickSpace;<font color="#686868">Dex Colour:<\/font> White&nbsp;|&ThickSpace;<font color="#686868">Egg Group(s):<\/font> Human-Like&nbsp;|&ThickSpace;<font color="#686868">Pre-Evolution:<\/font> Mime Jr.&nbsp;|&ThickSpace;<font color="#686868">Evolution:<\/font> Mr. Rime (42)<\/font>
|c|☆EmolgaTheFlyingRat|he fast
|c|☆EmolgaTheFlyingRat|she*
|
|t:|1781140804
|switch|p2a: Goldfish|Blaziken, F|100\/100
|move|p1a: Mat Patkin|Barrier|p1a: Mat Patkin
|-boost|p1a: Mat Patkin|def|2
|
|-weather|Snowscape|[upkeep]
|upkeep
|turn|8
|c|☆EmolgaTheFlyingRat|wait ice body is so tech
|
|t:|1781140839
|move|p1a: Mat Patkin|Stored Power|p2a: Goldfish
|-supereffective|p2a: Goldfish|1
|-crit|p2a: Goldfish
|-damage|p2a: Goldfish|27\/100
|move|p2a: Goldfish|Focus Energy|p2a: Goldfish
|-start|p2a: Goldfish|move: Focus Energy
|
|-weather|Snowscape|[upkeep]
|-ability|p2a: Goldfish|Speed Boost|boost
|-boost|p2a: Goldfish|spe|1
|upkeep
|turn|9
|
|t:|1781140921
|switch|p1a: Shotei|Landorus-Therian, M|214\/382
|-ability|p1a: Shotei|Intimidate|boost
|-unboost|p2a: Goldfish|atk|1
|move|p2a: Goldfish|Overheat|p1a: Shotei
|-crit|p1a: Shotei
|-damage|p1a: Shotei|0 fnt
|-unboost|p2a: Goldfish|spa|2
|faint|p1a: Shotei
|
|-weather|Snowscape|[upkeep]
|-ability|p2a: Goldfish|Speed Boost|boost
|-boost|p2a: Goldfish|spe|1
|upkeep
|
|t:|1781140934
|switch|p1a: Barry Bonds|Marowak-Alola, M|323\/323
|turn|10
|
|t:|1781140963
|move|p2a: Goldfish|Protect|p2a: Goldfish
|-singleturn|p2a: Goldfish|Protect
|move|p1a: Barry Bonds|Shadow Bone|p2a: Goldfish
|-activate|p2a: Goldfish|move: Protect
|
|-weather|none
|-ability|p2a: Goldfish|Speed Boost|boost
|-boost|p2a: Goldfish|spe|1
|upkeep
|turn|11
|c|☆Shirmp|\/raw <div class="message"><ul class="utilichart"><li class="result"><span class="col numcol">UUBL<\/span> <span class="col iconcol"><psicon pokemon="blaziken"\/><\/span> <span class="col pokemonnamecol" style="white-space:nowrap"><a href="https:\/\/dex.pokemonshowdown.com\/pokemon\/blaziken" target="_blank">Blaziken<\/a><\/span> <span class="col typecol"><img src="https:\/\/play.pokemonshowdown.com\/sprites\/types\/Fire.png" alt="Fire" height="14" width="32"><img src="https:\/\/play.pokemonshowdown.com\/sprites\/types\/Fighting.png" alt="Fighting" height="14" width="32"><\/span> <span style="float:left;min-height:26px"><span class="col abilitycol">Blaze<\/span><span class="col abilitycol"><em>Speed Boost<\/em><\/span><\/span><span style="float:left;min-height:26px"><span class="col statcol"><em>HP<\/em><br \/>80<\/span> <span class="col statcol"><em>Atk<\/em><br \/>120<\/span> <span class="col statcol"><em>Def<\/em><br \/>70<\/span> <span class="col statcol"><em>SpA<\/em><br \/>110<\/span> <span class="col statcol"><em>SpD<\/em><br \/>70<\/span> <span class="col statcol"><em>Spe<\/em><br \/>80<\/span> <span class="col bstcol"><em>BST<br \/>530<\/em><\/span> <\/span><\/li><li style="clear:both"><\/li><\/ul><\/div>
|c|☆Shirmp|\/raw <font size="1"><font color="#686868">Dex#:<\/font> 257&nbsp;|&ThickSpace;<font color="#686868">Gen:<\/font> 3&nbsp;|&ThickSpace;<font color="#686868">Height:<\/font> 1.9 m&nbsp;|&ThickSpace;<font color="#686868">Weight:<\/font> 52 kg <em>(80 BP)<\/em>&nbsp;|&ThickSpace;<font color="#686868">Dex Colour:<\/font> Red&nbsp;|&ThickSpace;<font color="#686868">Egg Group(s):<\/font> Field&nbsp;|&ThickSpace;<font color="#686868">Pre-Evolution:<\/font> Combusken&nbsp;|&ThickSpace;<font color="#686868">Does Not Evolve<\/font><\/font>

|c|☆Shirmp|\/raw <div class="message"><ul class="utilichart"><li class="result"><span class="col numcol">Illegal<\/span> <span class="col iconcol"><psicon pokemon="marowakalola"\/><\/span> <span class="col pokemonnamecol" style="white-space:nowrap"><a href="https:\/\/dex.pokemonshowdown.com\/pokemon\/marowakalola" target="_blank">Marowak-Alola<\/a><\/span> <span class="col typecol"><img src="https:\/\/play.pokemonshowdown.com\/sprites\/types\/Fire.png" alt="Fire" height="14" width="32"><img src="https:\/\/play.pokemonshowdown.com\/sprites\/types\/Ghost.png" alt="Ghost" height="14" width="32"><\/span> <span style="float:left;min-height:26px"><span class="col twoabilitycol">Cursed Body<br \/>Lightning Rod<\/span><span class="col abilitycol"><em>Rock Head<\/em><\/span><\/span><span style="float:left;min-height:26px"><span class="col statcol"><em>HP<\/em><br \/>60<\/span> <span class="col statcol"><em>Atk<\/em><br \/>80<\/span> <span class="col statcol"><em>Def<\/em><br \/>110<\/span> <span class="col statcol"><em>SpA<\/em><br \/>50<\/span> <span class="col statcol"><em>SpD<\/em><br \/>80<\/span> <span class="col statcol"><em>Spe<\/em><br \/>45<\/span> <span class="col bstcol"><em>BST<br \/>425<\/em><\/span> <\/span><\/li><li style="clear:both"><\/li><\/ul><\/div>
|c|☆Shirmp|\/raw <font size="1"><font color="#686868">Dex#:<\/font> 105&nbsp;|&ThickSpace;<font color="#686868">Gen:<\/font> 7&nbsp;|&ThickSpace;<font color="#686868">Height:<\/font> 1 m&nbsp;|&ThickSpace;<font color="#686868">Weight:<\/font> 34 kg <em>(60 BP)<\/em>&nbsp;|&ThickSpace;<font color="#686868">Dex Colour:<\/font> Purple&nbsp;|&ThickSpace;<font color="#686868">Egg Group(s):<\/font> Monster&nbsp;|&ThickSpace;<font color="#686868">Pre-Evolution:<\/font> Cubone&nbsp;|&ThickSpace;<font color="#686868">Does Not Evolve<\/font><\/font>

|
|t:|1781141061
|switch|p2a: King+|Hydrapple, M|100\/100
|move|p1a: Barry Bonds|Shadow Bone|p2a: King+
|-damage|p2a: King+|61\/100
|
|upkeep
|turn|12
|
|t:|1781141079
|switch|p1a: Mat Patkin|Mr. Mime-Galar, F|304\/304
|move|p2a: King+|Recover|p2a: King+
|-heal|p2a: King+|100\/100
|
|upkeep
|turn|13
|l| DogeTheNoob
|
|t:|1781141099
|switch|p2a: Goldfish|Blaziken, F|27\/100
|move|p1a: Mat Patkin|Calm Mind|p1a: Mat Patkin
|-boost|p1a: Mat Patkin|spa|1
|-boost|p1a: Mat Patkin|spd|1
|
|upkeep
|turn|14
|
|t:|1781141105
|move|p1a: Mat Patkin|Stored Power|p2a: Goldfish
|-supereffective|p2a: Goldfish|1
|-damage|p2a: Goldfish|0 fnt
|faint|p2a: Goldfish
|
|upkeep
|c|☆EmolgaTheFlyingRat|im stupid
|
|t:|1781141151
|switch|p2a: Crowbar|Crabominable, F|100\/100
|turn|15
|c|☆EmolgaTheFlyingRat|i think i lose
|
|t:|1781141205
|detailschange|p2a: Crowbar|Crabominable-Mega, F
|-mega|p2a: Crowbar|Crabominable|Crabominite
|move|p1a: Mat Patkin|Barrier|p1a: Mat Patkin
|-boost|p1a: Mat Patkin|def|2
|move|p2a: Crowbar|Knock Off|p1a: Mat Patkin
|-supereffective|p1a: Mat Patkin|1
|-damage|p1a: Mat Patkin|214\/304
|-enditem|p1a: Mat Patkin|Eviolite|[from] move: Knock Off|[of] p2a: Crowbar
|
|upkeep
|turn|16
|
|t:|1781141214
|move|p1a: Mat Patkin|Stored Power|p2a: Crowbar
|-supereffective|p2a: Crowbar|1
|-damage|p2a: Crowbar|25\/100
|move|p2a: Crowbar|Knock Off|p1a: Mat Patkin
|-supereffective|p1a: Mat Patkin|1
|-damage|p1a: Mat Patkin|118\/304
|
|upkeep
|turn|17
|
|t:|1781141248
|move|p2a: Crowbar|Mach Punch|p1a: Mat Patkin
|-damage|p1a: Mat Patkin|67\/304
|move|p1a: Mat Patkin|Stored Power|p2a: Crowbar
|-supereffective|p2a: Crowbar|1
|-damage|p2a: Crowbar|0 fnt
|faint|p2a: Crowbar
|
|upkeep
|
|t:|1781141265
|switch|p2a: Big Z|Zapdos|73\/100 psn
|turn|18
|
|t:|1781141269
|move|p2a: Big Z|Hurricane|p1a: Mat Patkin
|-damage|p1a: Mat Patkin|0 fnt
|faint|p1a: Mat Patkin
|
|-damage|p2a: Big Z|60\/100 psn|[from] psn
|upkeep
|
|t:|1781141279
|switch|p1a: Elly de la Cruz|Tapu Koko|344\/344
|-fieldstart|move: Electric Terrain|[from] ability: Electric Surge|[of] p1a: Elly de la Cruz
|turn|19
|
|t:|1781141284
|move|p1a: Elly de la Cruz|Calm Mind|p1a: Elly de la Cruz
|-boost|p1a: Elly de la Cruz|spa|1
|-boost|p1a: Elly de la Cruz|spd|1
|move|p2a: Big Z|Roost|p2a: Big Z
|-heal|p2a: Big Z|100\/100 psn
|-singleturn|p2a: Big Z|move: Roost
|
|-damage|p2a: Big Z|88\/100 psn|[from] psn
|upkeep
|turn|20
|c|☆EmolgaTheFlyingRat|buh
|
|t:|1781141296
|move|p1a: Elly de la Cruz|Calm Mind|p1a: Elly de la Cruz
|-boost|p1a: Elly de la Cruz|spa|1
|-boost|p1a: Elly de la Cruz|spd|1
|move|p2a: Big Z|Volt Switch|p1a: Elly de la Cruz
|-resisted|p1a: Elly de la Cruz|1
|-damage|p1a: Elly de la Cruz|310\/344
|
|t:|1781141297
|switch|p2a: Bigger Z|Zygarde|71\/100|[from] Volt Switch
|-ability|p2a: Bigger Z|Aura Break
|
|-heal|p1a: Elly de la Cruz|331\/344|[from] item: Leftovers
|-heal|p2a: Bigger Z|78\/100|[from] item: Leftovers
|upkeep
|turn|21
|
|t:|1781141300
|move|p1a: Elly de la Cruz|Dazzling Gleam|p2a: Bigger Z
|-supereffective|p2a: Bigger Z|1
|-damage|p2a: Bigger Z|0 fnt
|faint|p2a: Bigger Z
|
|-heal|p1a: Elly de la Cruz|344\/344|[from] item: Leftovers
|upkeep
|
|t:|1781141304
|switch|p2a: Big Z|Zapdos|88\/100 psn
|turn|22
|
|t:|1781141306
|move|p1a: Elly de la Cruz|Calm Mind|p1a: Elly de la Cruz
|-boost|p1a: Elly de la Cruz|spa|1
|-boost|p1a: Elly de la Cruz|spd|1
|move|p2a: Big Z|Hurricane|p1a: Elly de la Cruz
|-resisted|p1a: Elly de la Cruz|1
|-damage|p1a: Elly de la Cruz|300\/344
|
|-heal|p1a: Elly de la Cruz|321\/344|[from] item: Leftovers
|-damage|p2a: Big Z|76\/100 psn|[from] psn
|upkeep
|turn|23
|
|t:|1781141309
|move|p1a: Elly de la Cruz|Thunderbolt|p2a: Big Z
|-crit|p2a: Big Z
|-damage|p2a: Big Z|0 fnt
|faint|p2a: Big Z
|
|-heal|p1a: Elly de la Cruz|342\/344|[from] item: Leftovers
|-fieldend|move: Electric Terrain
|upkeep
|
|t:|1781141320
|switch|p2a: King+|Hydrapple, M|100\/100
|turn|24
|
|t:|1781141322
|move|p1a: Elly de la Cruz|Dazzling Gleam|p2a: King+
|-supereffective|p2a: King+|1
|-damage|p2a: King+|0 fnt
|faint|p2a: King+
|
|-heal|p1a: Elly de la Cruz|344\/344|[from] item: Leftovers
|upkeep
|
|t:|1781141323
|switch|p2a: Bliss|Primarina, M|40\/100
|turn|25
|
|t:|1781141325
|move|p1a: Elly de la Cruz|Thunderbolt|p2a: Bliss
|-supereffective|p2a: Bliss|1
|-crit|p2a: Bliss
|-damage|p2a: Bliss|0 fnt
|faint|p2a: Bliss
|
|win|Shirmp</script>
</div>
<div class="battle-log battle-log-inline"><div class="inner"><div class="battle-options"><div style="padding-top: 3px; padding-right: 3px; text-align: right"><button class="icon button" name="openBattleOptions" title="Options">Battle Options</button></div></div><div class="inner message-log"><div class="chat"><small class="gray">☆Shirmp and ☆EmolgaTheFlyingRat joined</small></div><div class=""><small>Format:</small> <br><strong>[Gen 9 Champions] Draft</strong></div><div class=""><small><em>Endless Battle Clause:</em> Forcing endless battles is banned</small></div><div class=""><small><em>Species Clause:</em> Limit one of each Pokémon</small></div><div class=""><small><em>Sleep Clause Mod:</em> Limit one foe put to sleep</small></div><div class=""><small><em>OHKO Clause:</em> OHKO moves are banned</small></div><div class=""><small><em>Evasion Clause:</em> Evasion abilities, items, and moves are banned</small></div><div class=""><small><em>Evasion Abilities Clause:</em> Evasion abilities are banned</small></div><div class=""><small><em>Evasion Items Clause:</em> Evasion items are banned</small></div><div class=""><small><em>Evasion Moves Clause:</em> Evasion moves are banned</small></div><div class="chat battle-history"><strong>Shirmp's team:</strong> <em style="color:#445566;display:block;">Mr. Mime-Galar / Samurott-Hisui / Landorus-Therian / Marowak-Alola / Slowking-Galar / Tapu Koko</em></div><div class="chat battle-history"><strong>EmolgaTheFlyingRat's team:</strong> <em style="color:#445566;display:block;">Blaziken / Zapdos / Hydrapple / Primarina / Crabominable / Zygarde</em></div><div class="chat"><small class="gray">☆Shirmp left</small></div><div class="chat chatmessage-emolgatheflyingrat"><strong style="color:#d32c12"><span class="username"><small class="groupsymbol">☆</small>EmolgaTheFlyingRat</span>:</strong> <em>glhf</em></div><div class="chat chatmessage-emolgatheflyingrat"><strong style="color:#d32c12"><span class="username"><small class="groupsymbol">☆</small>EmolgaTheFlyingRat</span>:</strong> <em>nice tr</em></div><div class="chat"><small class="gray">☆Shirmp joined</small></div><div class="chat chatmessage-shirmp mine"><strong style="color:#8d9c3a"><span class="username"><small class="groupsymbol">☆</small>Shirmp</span>:</strong> <em>Glhf!</em></div><div class="chat"><small class="gray"> DogeTheNoob joined</small></div><div class="spacer battle-history"><br></div><div class="battle-history">Battle started between Shirmp and EmolgaTheFlyingRat!<br></div><div class="spacer battle-history"><br></div><div class="battle-history">Go! Randy Johnson (<strong>Slowking-Galar</strong>)!<br></div><div class="spacer battle-history"><br></div><div class="battle-history">EmolgaTheFlyingRat sent out Bliss (<strong>Primarina</strong>)!<br></div><div class="spacer battle-history"><br></div><h2 class="battle-history">Turn 1</h2><div class="spacer battle-history"><br></div><div class="battle-history">The opposing Bliss used <strong>Shadow Ball</strong>!<br></div><div class="battle-history"><small>It's super effective!</small><br></div><div class="battle-history"><small>(Randy Johnson lost <abbr title="−210/394">53.3%</abbr> of its health!)</small><br></div><div class="spacer battle-history"><br></div><div class="battle-history">Randy Johnson used <strong>Sludge Bomb</strong>!<br></div><div class="battle-history"><small>It's super effective!</small><br></div><div class="battle-history"><small>(The opposing Bliss lost 60% of its health!)</small><br></div><div class="spacer battle-history"><br></div><div class="battle-history"><small>Randy Johnson restored a little HP using its Black Sludge!</small><br></div><div class="spacer battle-history"><br></div><h2 class="battle-history">Turn 2</h2><div class="spacer battle-history"><br></div><div class="battle-history">EmolgaTheFlyingRat withdrew Bliss!<br></div><div class="battle-history">EmolgaTheFlyingRat sent out Big Z (<strong>Zapdos</strong>)!<br></div><div class="spacer battle-history"><br></div><div class="battle-history">Randy Johnson, come back!<br></div><div class="battle-history">Go! Mason Miller (<strong>Samurott-Hisui</strong>)!<br></div><div class="spacer battle-history"><br></div><h2 class="battle-history">Turn 3</h2><div class="spacer battle-history"><br></div><div class="battle-history">Mason Miller, come back!<br></div><div class="battle-history">Go! Shotei (<strong>Landorus-Therian</strong>)!<br></div><div class="battle-history">[Shotei's Intimidate]<br></div><div class="battle-history"><small>The opposing Big Z's Attack fell!</small><br></div><div class="spacer battle-history"><br></div><div class="battle-history">The opposing Big Z used <strong>Hurricane</strong>!<br></div><div class="battle-history"><small>(Shotei lost <abbr title="−168/382">44.0%</abbr> of its health!)</small><br></div><div class="battle-history"><small>Shotei is switched out with the Eject Button!</small><br></div><div class="spacer battle-history"><br></div><div class="battle-history">Shotei, come back!<br></div><div class="battle-history">Go! Randy Johnson (<strong>Slowking-Galar</strong>)!<br></div><div class="spacer battle-history"><br></div><div class="battle-history"><small>Randy Johnson restored a little HP using its Black Sludge!</small><br></div><div class="spacer battle-history"><br></div><h2 class="battle-history">Turn 4</h2><div class="spacer battle-history"><br></div><div class="battle-history">The opposing Big Z used <strong>Charge</strong>!<br></div><div class="battle-history"><small>The opposing Big Z's Sp. Def rose!</small><br></div><div class="battle-history"><small>The opposing Big Z began charging power!</small><br></div><div class="spacer battle-history"><br></div><div class="battle-history">Randy Johnson used <strong>Future Sight</strong>!<br></div><div class="battle-history"><small>Randy Johnson foresaw an attack!</small><br></div><div class="spacer battle-history"><br></div><div class="battle-history"><small>Randy Johnson restored a little HP using its Black Sludge!</small><br></div><div class="spacer battle-history"><br></div><h2 class="battle-history">Turn 5</h2><div class="spacer battle-history"><br></div><div class="battle-history">The opposing Big Z used <strong>Hurricane</strong>!<br></div><div class="battle-history"><small>(Randy Johnson lost <abbr title="−121/394">30.7%</abbr> of its health!)</small><br></div><div class="spacer battle-history"><br></div><div class="battle-history">Randy Johnson used <strong>Sludge Bomb</strong>!<br></div><div class="battle-history"><small>(The opposing Big Z lost 15% of its health!)</small><br></div><div class="battle-history"><small>The opposing Big Z was poisoned!</small><br></div><div class="spacer battle-history"><br></div><div class="battle-history"><small>Randy Johnson restored a little HP using its Black Sludge!</small><br></div><div class="battle-history"><small>The opposing Big Z was hurt by poison!</small><br></div><div class="spacer battle-history"><br></div><h2 class="battle-history">Turn 6</h2><div class="chat chatmessage-emolgatheflyingrat"><strong style="color:#d32c12"><span class="username"><small class="groupsymbol">☆</small>EmolgaTheFlyingRat</span>:</strong> <em>rip</em></div><div class="spacer battle-history"><br></div><div class="battle-history">The opposing Big Z used <strong>Volt Switch</strong>!<br></div><div class="battle-history"><small>(Randy Johnson lost <abbr title="−148/394">37.6%</abbr> of its health!)</small><br></div><div class="spacer battle-history"><br></div><div class="battle-history">The opposing Big Z went back to EmolgaTheFlyingRat!<br></div><div class="battle-history">EmolgaTheFlyingRat sent out Bigger Z (<strong>Zygarde</strong>)!<br></div><div class="battle-history">[The opposing Bigger Z's Aura Break]<br><small>The opposing Bigger Z reversed all other Pokémon's auras!</small><br></div><div class="spacer battle-history"><br></div><div class="battle-history"><small>Randy Johnson is preparing to tell a chillingly bad joke!</small><br></div><div class="battle-history">Randy Johnson used <strong>Chilly Reception</strong>!<br></div><div class="battle-history"><small>It started to snow!</small><br></div><div class="spacer battle-history"><br></div><div class="battle-history">Randy Johnson, come back!<br></div><div class="battle-history">Go! Mat Patkin (<strong>Mr. Mime-Galar</strong>)!<br></div><div class="spacer battle-history"><br></div><div class="battle-history"><small>(The snow is falling down.)</small><br></div><div class="battle-history"><small>The opposing Bigger Z took the Future Sight attack!</small><br></div><div class="battle-history"><small>(The opposing Bigger Z lost 35% of its health!)</small><br></div><div class="battle-history"><small>The opposing Bigger Z restored a little HP using its Leftovers!</small><br></div><div class="spacer battle-history"><br></div><h2 class="battle-history">Turn 7</h2><div class="chat chatmessage-emolgatheflyingrat"><strong style="color:#d32c12"><span class="username"><small class="groupsymbol">☆</small>EmolgaTheFlyingRat</span>:</strong> <em>!dt mr mime galar</em></div><div class="chat"><div class="message"><ul class="utilichart"><li class="result"><span class="col numcol">Illegal</span> <span class="col iconcol"><span class="picon" style="background:transparent url(https://play.pokemonshowdown.com/sprites/pokemonicons-sheet.png?v22) no-repeat scroll -120px -3000px"></span></span> <span class="col pokemonnamecol" style="white-space: nowrap"><a href="https://dex.pokemonshowdown.com/pokemon/mrmimegalar" target="_blank" rel="noopener">Mr. Mime-Galar</a></span> <span class="col typecol"><img src="https://play.pokemonshowdown.com/sprites/types/Ice.png" alt="Ice" height="14" width="32"><img src="https://play.pokemonshowdown.com/sprites/types/Psychic.png" alt="Psychic" height="14" width="32"></span> <span style="float: left ; min-height: 26px"><span class="col twoabilitycol">Vital Spirit<br>Screen Cleaner</span><span class="col abilitycol"><em>Ice Body</em></span></span><span style="float: left ; min-height: 26px"><span class="col statcol"><em>HP</em><br>50</span> <span class="col statcol"><em>Atk</em><br>65</span> <span class="col statcol"><em>Def</em><br>65</span> <span class="col statcol"><em>SpA</em><br>90</span> <span class="col statcol"><em>SpD</em><br>90</span> <span class="col statcol"><em>Spe</em><br>100</span> <span class="col bstcol"><em>BST<br>460</em></span> </span></li><li style="clear: both"></li></ul></div></div><div class="chat"><font size="1"><font color="#686868">Dex#:</font> 122&nbsp;|  <font color="#686868">Gen:</font> 8&nbsp;|  <font color="#686868">Height:</font> 1.4 m&nbsp;|  <font color="#686868">Weight:</font> 56.8 kg <em>(80 BP)</em>&nbsp;|  <font color="#686868">Dex Colour:</font> White&nbsp;|  <font color="#686868">Egg Group(s):</font> Human-Like&nbsp;|  <font color="#686868">Pre-Evolution:</font> Mime Jr.&nbsp;|  <font color="#686868">Evolution:</font> Mr. Rime (42)</font></div><div class="chat chatmessage-emolgatheflyingrat"><strong style="color:#d32c12"><span class="username"><small class="groupsymbol">☆</small>EmolgaTheFlyingRat</span>:</strong> <em>he fast</em></div><div class="chat chatmessage-emolgatheflyingrat"><strong style="color:#d32c12"><span class="username"><small class="groupsymbol">☆</small>EmolgaTheFlyingRat</span>:</strong> <em>she*</em></div><div class="spacer battle-history"><br></div><div class="battle-history">EmolgaTheFlyingRat withdrew Bigger Z!<br></div><div class="battle-history">EmolgaTheFlyingRat sent out Goldfish (<strong>Blaziken</strong>)!<br></div><div class="spacer battle-history"><br></div><div class="battle-history">Mat Patkin used <strong>Barrier</strong>!<br></div><div class="battle-history"><small>Mat Patkin's Defense rose sharply!</small><br></div><div class="spacer battle-history"><br></div><div class="battle-history"><small>(The snow is falling down.)</small><br></div><div class="spacer battle-history"><br></div><h2 class="battle-history">Turn 8</h2><div class="chat chatmessage-emolgatheflyingrat"><strong style="color:#d32c12"><span class="username"><small class="groupsymbol">☆</small>EmolgaTheFlyingRat</span>:</strong> <em>wait ice body is so tech</em></div><div class="spacer battle-history"><br></div><div class="battle-history">Mat Patkin used <strong>Stored Power</strong>!<br></div><div class="battle-history"><small>It's super effective!</small><br></div><div class="battle-history"><small>A critical hit!</small><br></div><div class="battle-history"><small>(The opposing Goldfish lost 73% of its health!)</small><br></div><div class="spacer battle-history"><br></div><div class="battle-history">The opposing Goldfish used <strong>Focus Energy</strong>!<br></div><div class="battle-history"><small>The opposing Goldfish is getting pumped!</small><br></div><div class="spacer battle-history"><br></div><div class="battle-history"><small>(The snow is falling down.)</small><br></div><div class="battle-history">[The opposing Goldfish's Speed Boost]<br></div><div class="battle-history"><small>The opposing Goldfish's Speed rose!</small><br></div><div class="spacer battle-history"><br></div><h2 class="battle-history">Turn 9</h2><div class="spacer battle-history"><br></div><div class="battle-history">Mat Patkin, come back!<br></div><div class="battle-history">Go! Shotei (<strong>Landorus-Therian</strong>)!<br></div><div class="battle-history">[Shotei's Intimidate]<br></div><div class="battle-history"><small>The opposing Goldfish's Attack fell!</small><br></div><div class="spacer battle-history"><br></div><div class="battle-history">The opposing Goldfish used <strong>Overheat</strong>!<br></div><div class="battle-history"><small>A critical hit!</small><br></div><div class="battle-history"><small>(Shotei lost <abbr title="−214/382">56.0%</abbr> of its health!)</small><br></div><div class="battle-history"><small>The opposing Goldfish's Sp. Atk fell harshly!</small><br></div><div class="spacer battle-history"><br></div><div class="battle-history">Shotei fainted!<br></div><div class="spacer battle-history"><br></div><div class="battle-history"><small>(The snow is falling down.)</small><br></div><div class="battle-history">[The opposing Goldfish's Speed Boost]<br></div><div class="battle-history"><small>The opposing Goldfish's Speed rose!</small><br></div><div class="spacer battle-history"><br></div><div class="battle-history">Go! Barry Bonds (<strong>Marowak-Alola</strong>)!<br></div><div class="spacer battle-history"><br></div><h2 class="battle-history">Turn 10</h2><div class="spacer battle-history"><br></div><div class="battle-history">The opposing Goldfish used <strong>Protect</strong>!<br></div><div class="battle-history"><small>The opposing Goldfish protected itself!</small><br></div><div class="spacer battle-history"><br></div><div class="battle-history">Barry Bonds used <strong>Shadow Bone</strong>!<br></div><div class="battle-history"><small>The opposing Goldfish protected itself!</small><br></div><div class="spacer battle-history"><br></div><div class="battle-history"><small>The snow stopped.</small><br></div><div class="battle-history">[The opposing Goldfish's Speed Boost]<br></div><div class="battle-history"><small>The opposing Goldfish's Speed rose!</small><br></div><div class="spacer battle-history"><br></div><h2 class="battle-history">Turn 11</h2><div class="chat"><div class="message"><ul class="utilichart"><li class="result"><span class="col numcol">UUBL</span> <span class="col iconcol"><span class="picon" style="background:transparent url(https://play.pokemonshowdown.com/sprites/pokemonicons-sheet.png?v22) no-repeat scroll -200px -630px"></span></span> <span class="col pokemonnamecol" style="white-space: nowrap"><a href="https://dex.pokemonshowdown.com/pokemon/blaziken" target="_blank" rel="noopener">Blaziken</a></span> <span class="col typecol"><img src="https://play.pokemonshowdown.com/sprites/types/Fire.png" alt="Fire" height="14" width="32"><img src="https://play.pokemonshowdown.com/sprites/types/Fighting.png" alt="Fighting" height="14" width="32"></span> <span style="float: left ; min-height: 26px"><span class="col abilitycol">Blaze</span><span class="col abilitycol"><em>Speed Boost</em></span></span><span style="float: left ; min-height: 26px"><span class="col statcol"><em>HP</em><br>80</span> <span class="col statcol"><em>Atk</em><br>120</span> <span class="col statcol"><em>Def</em><br>70</span> <span class="col statcol"><em>SpA</em><br>110</span> <span class="col statcol"><em>SpD</em><br>70</span> <span class="col statcol"><em>Spe</em><br>80</span> <span class="col bstcol"><em>BST<br>530</em></span> </span></li><li style="clear: both"></li></ul></div></div><div class="chat"><font size="1"><font color="#686868">Dex#:</font> 257&nbsp;|  <font color="#686868">Gen:</font> 3&nbsp;|  <font color="#686868">Height:</font> 1.9 m&nbsp;|  <font color="#686868">Weight:</font> 52 kg <em>(80 BP)</em>&nbsp;|  <font color="#686868">Dex Colour:</font> Red&nbsp;|  <font color="#686868">Egg Group(s):</font> Field&nbsp;|  <font color="#686868">Pre-Evolution:</font> Combusken&nbsp;|  <font color="#686868">Does Not Evolve</font></font></div><div class="chat"><div class="message"><ul class="utilichart"><li class="result"><span class="col numcol">Illegal</span> <span class="col iconcol"><span class="picon" style="background:transparent url(https://play.pokemonshowdown.com/sprites/pokemonicons-sheet.png?v22) no-repeat scroll -160px -2910px"></span></span> <span class="col pokemonnamecol" style="white-space: nowrap"><a href="https://dex.pokemonshowdown.com/pokemon/marowakalola" target="_blank" rel="noopener">Marowak-Alola</a></span> <span class="col typecol"><img src="https://play.pokemonshowdown.com/sprites/types/Fire.png" alt="Fire" height="14" width="32"><img src="https://play.pokemonshowdown.com/sprites/types/Ghost.png" alt="Ghost" height="14" width="32"></span> <span style="float: left ; min-height: 26px"><span class="col twoabilitycol">Cursed Body<br>Lightning Rod</span><span class="col abilitycol"><em>Rock Head</em></span></span><span style="float: left ; min-height: 26px"><span class="col statcol"><em>HP</em><br>60</span> <span class="col statcol"><em>Atk</em><br>80</span> <span class="col statcol"><em>Def</em><br>110</span> <span class="col statcol"><em>SpA</em><br>50</span> <span class="col statcol"><em>SpD</em><br>80</span> <span class="col statcol"><em>Spe</em><br>45</span> <span class="col bstcol"><em>BST<br>425</em></span> </span></li><li style="clear: both"></li></ul></div></div><div class="chat"><font size="1"><font color="#686868">Dex#:</font> 105&nbsp;|  <font color="#686868">Gen:</font> 7&nbsp;|  <font color="#686868">Height:</font> 1 m&nbsp;|  <font color="#686868">Weight:</font> 34 kg <em>(60 BP)</em>&nbsp;|  <font color="#686868">Dex Colour:</font> Purple&nbsp;|  <font color="#686868">Egg Group(s):</font> Monster&nbsp;|  <font color="#686868">Pre-Evolution:</font> Cubone&nbsp;|  <font color="#686868">Does Not Evolve</font></font></div><div class="spacer battle-history"><br></div><div class="battle-history">EmolgaTheFlyingRat withdrew Goldfish!<br></div><div class="battle-history">EmolgaTheFlyingRat sent out King+ (<strong>Hydrapple</strong>)!<br></div><div class="spacer battle-history"><br></div><div class="battle-history">Barry Bonds used <strong>Shadow Bone</strong>!<br></div><div class="battle-history"><small>(The opposing King+ lost 39% of its health!)</small><br></div><div class="spacer battle-history"><br></div><h2 class="battle-history">Turn 12</h2><div class="spacer battle-history"><br></div><div class="battle-history">Barry Bonds, come back!<br></div><div class="battle-history">Go! Mat Patkin (<strong>Mr. Mime-Galar</strong>)!<br></div><div class="spacer battle-history"><br></div><div class="battle-history">The opposing King+ used <strong>Recover</strong>!<br></div><div class="battle-history"><small>The opposing King+ had its HP restored.</small><br></div><div class="spacer battle-history"><br></div><h2 class="battle-history">Turn 13</h2><div class="chat"><small class="gray"> DogeTheNoob left</small></div><div class="spacer battle-history"><br></div><div class="battle-history">EmolgaTheFlyingRat withdrew King+!<br></div><div class="battle-history">EmolgaTheFlyingRat sent out Goldfish (<strong>Blaziken</strong>)!<br></div><div class="spacer battle-history"><br></div><div class="battle-history">Mat Patkin used <strong>Calm Mind</strong>!<br></div><div class="battle-history"><small>Mat Patkin's Sp. Atk rose!</small><br></div><div class="battle-history"><small>Mat Patkin's Sp. Def rose!</small><br></div><div class="spacer battle-history"><br></div><h2 class="battle-history">Turn 14</h2><div class="spacer battle-history"><br></div><div class="battle-history">Mat Patkin used <strong>Stored Power</strong>!<br></div><div class="battle-history"><small>It's super effective!</small><br></div><div class="battle-history"><small>(The opposing Goldfish lost 27% of its health!)</small><br></div><div class="spacer battle-history"><br></div><div class="battle-history">The opposing Goldfish fainted!<br></div><div class="chat chatmessage-emolgatheflyingrat"><strong style="color:#d32c12"><span class="username"><small class="groupsymbol">☆</small>EmolgaTheFlyingRat</span>:</strong> <em>im stupid</em></div><div class="spacer battle-history"><br></div><div class="battle-history">EmolgaTheFlyingRat sent out Crowbar (<strong>Crabominable</strong>)!<br></div><div class="spacer battle-history"><br></div><h2 class="battle-history">Turn 15</h2><div class="chat chatmessage-emolgatheflyingrat"><strong style="color:#d32c12"><span class="username"><small class="groupsymbol">☆</small>EmolgaTheFlyingRat</span>:</strong> <em>i think i lose</em></div><div class="spacer battle-history"><br></div><div class="battle-history"><small>The opposing Crowbar's Crabominite is reacting to the Key Stone!</small><br>The opposing Crowbar has Mega Evolved into Mega Crabominable!<br></div><div class="spacer battle-history"><br></div><div class="battle-history">Mat Patkin used <strong>Barrier</strong>!<br></div><div class="battle-history"><small>Mat Patkin's Defense rose sharply!</small><br></div><div class="spacer battle-history"><br></div><div class="battle-history">The opposing Crowbar used <strong>Knock Off</strong>!<br></div><div class="battle-history"><small>It's super effective!</small><br></div><div class="battle-history"><small>(Mat Patkin lost <abbr title="−90/304">29.6%</abbr> of its health!)</small><br></div><div class="battle-history"><small>The opposing Crowbar knocked off Mat Patkin's Eviolite!</small><br></div><div class="spacer battle-history"><br></div><h2 class="battle-history">Turn 16</h2><div class="spacer battle-history"><br></div><div class="battle-history">Mat Patkin used <strong>Stored Power</strong>!<br></div><div class="battle-history"><small>It's super effective!</small><br></div><div class="battle-history"><small>(The opposing Crowbar lost 75% of its health!)</small><br></div><div class="spacer battle-history"><br></div><div class="battle-history">The opposing Crowbar used <strong>Knock Off</strong>!<br></div><div class="battle-history"><small>It's super effective!</small><br></div><div class="battle-history"><small>(Mat Patkin lost <abbr title="−96/304">31.6%</abbr> of its health!)</small><br></div><div class="spacer battle-history"><br></div><h2 class="battle-history">Turn 17</h2><div class="spacer battle-history"><br></div><div class="battle-history">The opposing Crowbar used <strong>Mach Punch</strong>!<br></div><div class="battle-history"><small>(Mat Patkin lost <abbr title="−51/304">16.8%</abbr> of its health!)</small><br></div><div class="spacer battle-history"><br></div><div class="battle-history">Mat Patkin used <strong>Stored Power</strong>!<br></div><div class="battle-history"><small>It's super effective!</small><br></div><div class="battle-history"><small>(The opposing Crowbar lost 25% of its health!)</small><br></div><div class="spacer battle-history"><br></div><div class="battle-history">The opposing Crowbar fainted!<br></div><div class="spacer battle-history"><br></div><div class="battle-history">EmolgaTheFlyingRat sent out Big Z (<strong>Zapdos</strong>)!<br></div><div class="spacer battle-history"><br></div><h2 class="battle-history">Turn 18</h2><div class="spacer battle-history"><br></div><div class="battle-history">The opposing Big Z used <strong>Hurricane</strong>!<br></div><div class="battle-history"><small>(Mat Patkin lost <abbr title="−67/304">22.0%</abbr> of its health!)</small><br></div><div class="spacer battle-history"><br></div><div class="battle-history">Mat Patkin fainted!<br></div><div class="spacer battle-history"><br></div><div class="battle-history"><small>The opposing Big Z was hurt by poison!</small><br></div><div class="spacer battle-history"><br></div><div class="battle-history">Go! Elly de la Cruz (<strong>Tapu Koko</strong>)!<br></div><div class="battle-history">[Elly de la Cruz's Electric Surge]<br><small>An electric current ran across the battlefield!</small><br></div><div class="spacer battle-history"><br></div><h2 class="battle-history">Turn 19</h2><div class="spacer battle-history"><br></div><div class="battle-history">Elly de la Cruz used <strong>Calm Mind</strong>!<br></div><div class="battle-history"><small>Elly de la Cruz's Sp. Atk rose!</small><br></div><div class="battle-history"><small>Elly de la Cruz's Sp. Def rose!</small><br></div><div class="spacer battle-history"><br></div><div class="battle-history">The opposing Big Z used <strong>Roost</strong>!<br></div><div class="battle-history"><small>The opposing Big Z had its HP restored.</small><br></div><div class="battle-history"><small>(The opposing Big Z loses Flying type this turn.)</small><br></div><div class="spacer battle-history"><br></div><div class="battle-history"><small>The opposing Big Z was hurt by poison!</small><br></div><div class="spacer battle-history"><br></div><h2 class="battle-history">Turn 20</h2><div class="chat chatmessage-emolgatheflyingrat"><strong style="color:#d32c12"><span class="username"><small class="groupsymbol">☆</small>EmolgaTheFlyingRat</span>:</strong> <em>buh</em></div><div class="spacer battle-history"><br></div><div class="battle-history">Elly de la Cruz used <strong>Calm Mind</strong>!<br></div><div class="battle-history"><small>Elly de la Cruz's Sp. Atk rose!</small><br></div><div class="battle-history"><small>Elly de la Cruz's Sp. Def rose!</small><br></div><div class="spacer battle-history"><br></div><div class="battle-history">The opposing Big Z used <strong>Volt Switch</strong>!<br></div><div class="battle-history"><small>It's not very effective...</small><br></div><div class="battle-history"><small>(Elly de la Cruz lost <abbr title="−34/344">9.9%</abbr> of its health!)</small><br></div><div class="spacer battle-history"><br></div><div class="battle-history">The opposing Big Z went back to EmolgaTheFlyingRat!<br></div><div class="battle-history">EmolgaTheFlyingRat sent out Bigger Z (<strong>Zygarde</strong>)!<br></div><div class="battle-history">[The opposing Bigger Z's Aura Break]<br><small>The opposing Bigger Z reversed all other Pokémon's auras!</small><br></div><div class="spacer battle-history"><br></div><div class="battle-history"><small>Elly de la Cruz restored a little HP using its Leftovers!</small><br></div><div class="battle-history"><small>The opposing Bigger Z restored a little HP using its Leftovers!</small><br></div><div class="spacer battle-history"><br></div><h2 class="battle-history">Turn 21</h2><div class="spacer battle-history"><br></div><div class="battle-history">Elly de la Cruz used <strong>Dazzling Gleam</strong>!<br></div><div class="battle-history"><small>It's super effective!</small><br></div><div class="battle-history"><small>(The opposing Bigger Z lost 78% of its health!)</small><br></div><div class="spacer battle-history"><br></div><div class="battle-history">The opposing Bigger Z fainted!<br></div><div class="spacer battle-history"><br></div><div class="battle-history"><small>Elly de la Cruz restored a little HP using its Leftovers!</small><br></div><div class="spacer battle-history"><br></div><div class="battle-history">EmolgaTheFlyingRat sent out Big Z (<strong>Zapdos</strong>)!<br></div><div class="spacer battle-history"><br></div><h2 class="battle-history">Turn 22</h2><div class="spacer battle-history"><br></div><div class="battle-history">Elly de la Cruz used <strong>Calm Mind</strong>!<br></div><div class="battle-history"><small>Elly de la Cruz's Sp. Atk rose!</small><br></div><div class="battle-history"><small>Elly de la Cruz's Sp. Def rose!</small><br></div><div class="spacer battle-history"><br></div><div class="battle-history">The opposing Big Z used <strong>Hurricane</strong>!<br></div><div class="battle-history"><small>It's not very effective...</small><br></div><div class="battle-history"><small>(Elly de la Cruz lost <abbr title="−44/344">12.8%</abbr> of its health!)</small><br></div><div class="spacer battle-history"><br></div><div class="battle-history"><small>Elly de la Cruz restored a little HP using its Leftovers!</small><br></div><div class="battle-history"><small>The opposing Big Z was hurt by poison!</small><br></div><div class="spacer battle-history"><br></div><h2 class="battle-history">Turn 23</h2><div class="spacer battle-history"><br></div><div class="battle-history">Elly de la Cruz used <strong>Thunderbolt</strong>!<br></div><div class="battle-history"><small>A critical hit!</small><br></div><div class="battle-history"><small>(The opposing Big Z lost 76% of its health!)</small><br></div><div class="spacer battle-history"><br></div><div class="battle-history">The opposing Big Z fainted!<br></div><div class="spacer battle-history"><br></div><div class="battle-history"><small>Elly de la Cruz restored a little HP using its Leftovers!</small><br></div><div class="battle-history"><small>The electricity disappeared from the battlefield.</small><br></div><div class="spacer battle-history"><br></div><div class="battle-history">EmolgaTheFlyingRat sent out King+ (<strong>Hydrapple</strong>)!<br></div><div class="spacer battle-history"><br></div><h2 class="battle-history">Turn 24</h2><div class="spacer battle-history"><br></div><div class="battle-history">Elly de la Cruz used <strong>Dazzling Gleam</strong>!<br></div><div class="battle-history"><small>It's super effective!</small><br></div><div class="battle-history"><small>(The opposing King+ lost 100% of its health!)</small><br></div><div class="spacer battle-history"><br></div><div class="battle-history">The opposing King+ fainted!<br></div><div class="spacer battle-history"><br></div><div class="battle-history"><small>Elly de la Cruz restored a little HP using its Leftovers!</small><br></div><div class="spacer battle-history"><br></div><div class="battle-history">EmolgaTheFlyingRat sent out Bliss (<strong>Primarina</strong>)!<br></div><div class="spacer battle-history"><br></div><h2 class="battle-history">Turn 25</h2><div class="spacer battle-history"><br></div><div class="battle-history">Elly de la Cruz used <strong>Thunderbolt</strong>!<br></div><div class="battle-history"><small>It's super effective!</small><br></div><div class="battle-history"><small>A critical hit!</small><br></div><div class="battle-history"><small>(The opposing Bliss lost 40% of its health!)</small><br></div><div class="spacer battle-history"><br></div><div class="battle-history">The opposing Bliss fainted!<br></div><div class="spacer battle-history"><br></div><div class="battle-history"><strong>Shirmp</strong> won the battle!<br></div></div><div class="inner-preempt message-log"></div></div></div>
</div>
<script>
let daily = Math.floor(Date.now()/1000/60/60/24);document.write('<script src="https://play.pokemonshowdown.com/js/replay-embed.js?version'+daily+'"></'+'script>');
</script>
