<!DOCTYPE html>
<meta charset="utf-8" />
<!-- version 1 -->
<title>[Gen 9 Champions] Draft replay: EmolgaTheFlyingRat vs. wisestream</title>
<style>
html,body {font-family:Verdana, sans-serif;font-size:10pt;margin:0;padding:0;}body{padding:12px 0;} .battle-log {font-family:Verdana, sans-serif;font-size:10pt;} .battle-log-inline {border:1px solid #AAAAAA;background:#EEF2F5;color:black;max-width:640px;margin:0 auto 80px;padding-bottom:5px;} .battle-log .inner {padding:4px 8px 0px 8px;} .battle-log .inner-preempt {padding:0 8px 4px 8px;} .battle-log .inner-after {margin-top:0.5em;} .battle-log h2 {margin:0.5em -8px;padding:4px 8px;border:1px solid #AAAAAA;background:#E0E7EA;border-left:0;border-right:0;font-family:Verdana, sans-serif;font-size:13pt;} .battle-log .chat {vertical-align:middle;padding:3px 0 3px 0;font-size:8pt;} .battle-log .chat strong {color:#40576A;} .battle-log .chat em {padding:1px 4px 1px 3px;color:#000000;font-style:normal;} .chat.mine {background:rgba(0,0,0,0.05);margin-left:-8px;margin-right:-8px;padding-left:8px;padding-right:8px;} .spoiler {color:#BBBBBB;background:#BBBBBB;padding:0px 3px;} .spoiler:hover, .spoiler:active, .spoiler-shown {color:#000000;background:#E2E2E2;padding:0px 3px;} .spoiler a {color:#BBBBBB;} .spoiler:hover a, .spoiler:active a, .spoiler-shown a {color:#2288CC;} .chat code, .chat .spoiler:hover code, .chat .spoiler:active code, .chat .spoiler-shown code {border:1px solid #C0C0C0;background:#EEEEEE;color:black;padding:0 2px;} .chat .spoiler code {border:1px solid #CCCCCC;background:#CCCCCC;color:#CCCCCC;} .battle-log .rated {padding:3px 4px;} .battle-log .rated strong {color:white;background:#89A;padding:1px 4px;border-radius:4px;} .spacer {margin-top:0.5em;} .message-announce {background:#6688AA;color:white;padding:1px 4px 2px;} .message-announce a, .broadcast-green a, .broadcast-blue a, .broadcast-red a {color:#DDEEFF;} .broadcast-green {background-color:#559955;color:white;padding:2px 4px;} .broadcast-blue {background-color:#6688AA;color:white;padding:2px 4px;} .infobox {border:1px solid #6688AA;padding:2px 4px;} .infobox-limited {max-height:200px;overflow:auto;overflow-x:hidden;} .broadcast-red {background-color:#AA5544;color:white;padding:2px 4px;} .message-learn-canlearn {font-weight:bold;color:#228822;text-decoration:underline;} .message-learn-cannotlearn {font-weight:bold;color:#CC2222;text-decoration:underline;} .message-effect-weak {font-weight:bold;color:#CC2222;} .message-effect-resist {font-weight:bold;color:#6688AA;} .message-effect-immune {font-weight:bold;color:#666666;} .message-learn-list {margin-top:0;margin-bottom:0;} .message-throttle-notice, .message-error {color:#992222;} .message-overflow, .chat small.message-overflow {font-size:0pt;} .message-overflow::before {font-size:9pt;content:'...';} .subtle {color:#3A4A66;}
</style>
<div class="wrapper replay-wrapper" style="max-width:1180px;margin:0 auto">
<input type="hidden" name="replayid" value="unregisteredserver-gen9championsdraft-51" />
<div class="battle"></div><div class="battle-log"></div><div class="replay-controls"></div><div class="replay-controls-2"></div>
<h1 style="font-weight:normal;text-align:center"><strong>[Gen 9 Champions] Draft</strong><br /><a href="http://pokemonshowdown.com/users/emolgatheflyingrat" class="subtle" target="_blank">EmolgaTheFlyingRat</a> vs. <a href="http://pokemonshowdown.com/users/wisestream" class="subtle" target="_blank">wisestream</a></h1>
<script type="text/plain" class="battle-log-data">|j|☆EmolgaTheFlyingRat

|j|☆wisestream
|t:|1779408340
|gametype|singles
|player|p1|EmolgaTheFlyingRat|lady|
|player|p2|wisestream|wallace|
|gen|9
|tier|[Gen 9 Champions] Draft
|rule|Endless Battle Clause: Forcing endless battles is banned
|rule|Species Clause: Limit one of each Pokémon
|rule|Sleep Clause Mod: Limit one foe put to sleep
|rule|OHKO Clause: OHKO moves are banned
|rule|Evasion Clause: Evasion abilities, items, and moves are banned
|rule|Evasion Abilities Clause: Evasion abilities are banned
|rule|Evasion Items Clause: Evasion items are banned
|rule|Evasion Moves Clause: Evasion moves are banned
|clearpoke
|poke|p1|Zapdos|
|poke|p1|Rampardos, M|
|poke|p1|Bronzong|
|poke|p1|Primarina, F|
|poke|p1|Blaziken, F|
|poke|p1|Meloetta|
|poke|p2|Alomomola, F|
|poke|p2|Garchomp, F|
|poke|p2|Iron Jugulis|
|poke|p2|Froslass, F|
|poke|p2|Silvally-Ghost|
|poke|p2|Deoxys-Defense|
|teampreview
|c|☆wisestream|sorry got destracted reading
|c|☆wisestream|glhf
|c|☆EmolgaTheFlyingRat|glhf
|j| Ebastia12
|
|t:|1779408404
|teamsize|p1|6
|teamsize|p2|6
|start
|switch|p1a: Bliss|Primarina, F|363\/363
|switch|p2a: Silvally|Silvally-Ghost|100\/100
|turn|1
|j| idontfreakinknow
|
|t:|1779408489
|switch|p1a: Big Z|Zapdos|383\/383
|move|p2a: Silvally|Multi-Attack|p1a: Big Z
|-crit|p1a: Big Z
|-damage|p1a: Big Z|175\/383
|
|upkeep
|turn|2
|
|t:|1779408507
|switch|p2a: Deoxys|Deoxys-Defense|100\/100
|-ability|p2a: Deoxys|Pressure
|move|p1a: Big Z|Roost|p1a: Big Z
|-heal|p1a: Big Z|367\/383
|-singleturn|p1a: Big Z|move: Roost
|
|upkeep
|turn|3
|
|t:|1779408512
|move|p1a: Big Z|Volt Switch|p2a: Deoxys
|-damage|p2a: Deoxys|84\/100
|
|t:|1779408520
|switch|p1a: Umpire|Bronzong|338\/338|[from] Volt Switch
|move|p2a: Deoxys|Stealth Rock|p1a: Umpire
|-sidestart|p1: EmolgaTheFlyingRat|move: Stealth Rock
|
|-heal|p2a: Deoxys|90\/100|[from] item: Leftovers
|upkeep
|turn|4
|
|t:|1779408528
|move|p1a: Umpire|Stealth Rock|p2a: Deoxys
|-sidestart|p2: wisestream|move: Stealth Rock
|move|p2a: Deoxys|Teleport|p2a: Deoxys
|
|t:|1779408532
|switch|p2a: Silvally|Silvally-Ghost|100\/100|[from] Teleport
|-damage|p2a: Silvally|88\/100|[from] Stealth Rock
|
|upkeep
|turn|5
|
|t:|1779408536
|switch|p1a: Big Z|Zapdos|367\/383
|move|p2a: Silvally|Defog|p1a: Big Z
|-unboost|p1a: Big Z|evasion|1
|-sideend|p1: EmolgaTheFlyingRat|Stealth Rock|[from] move: Defog|[of] p2a: Silvally
|-sideend|p2: wisestream|Stealth Rock|[from] move: Defog|[of] p2a: Silvally
|
|upkeep
|turn|6
|
|t:|1779408542
|switch|p2a: Deoxys|Deoxys-Defense|90\/100
|-ability|p2a: Deoxys|Pressure
|move|p1a: Big Z|Hurricane|p2a: Deoxys
|-damage|p2a: Deoxys|63\/100
|
|-heal|p2a: Deoxys|68\/100|[from] item: Leftovers
|upkeep
|turn|7
|
|t:|1779408547
|move|p1a: Big Z|Volt Switch|p2a: Deoxys
|-damage|p2a: Deoxys|51\/100
|
|t:|1779408570
|switch|p1a: Umpire|Bronzong|338\/338|[from] Volt Switch
|move|p2a: Deoxys|Teleport|p2a: Deoxys
|
|t:|1779408581
|switch|p2a: Iron Jugulis|Iron Jugulis|100\/100|[from] Teleport
|
|upkeep
|turn|8
|
|t:|1779408591
|switch|p1a: Bliss|Primarina, F|363\/363
|move|p2a: Iron Jugulis|Dark Pulse|p1a: Bliss
|-resisted|p1a: Bliss|1
|-damage|p1a: Bliss|326\/363
|
|upkeep
|turn|9
|
|t:|1779408613
|-end|p2a: Iron Jugulis|Quark Drive|[silent]
|switch|p2a: Alomomola|Alomomola, F|100\/100
|move|p1a: Bliss|Moonblast|p2a: Alomomola
|-damage|p2a: Alomomola|43\/100
|
|upkeep
|turn|10
|c|☆EmolgaTheFlyingRat|MY GOATTT
|
|t:|1779408627
|-heal|p2a: Alomomola|76\/100|[from] ability: Regenerator|[silent]
|switch|p2a: Deoxys|Deoxys-Defense|51\/100
|-ability|p2a: Deoxys|Pressure
|move|p1a: Bliss|Moonblast|p2a: Deoxys
|-damage|p2a: Deoxys|21\/100
|
|-heal|p2a: Deoxys|27\/100|[from] item: Leftovers
|upkeep
|turn|11
|c|☆EmolgaTheFlyingRat|i lowkey love how the regen now displays before the switch out
|
|t:|1779408646
|move|p2a: Deoxys|Toxic|p1a: Bliss
|-status|p1a: Bliss|tox
|move|p1a: Bliss|Moonblast|p2a: Deoxys
|-damage|p2a: Deoxys|0 fnt
|faint|p2a: Deoxys
|
|-damage|p1a: Bliss|304\/363 tox|[from] psn
|upkeep
|
|t:|1779408654
|switch|p2a: Silvally|Silvally-Ghost|88\/100
|turn|12
|
|t:|1779408661
|switch|p1a: Big Z|Zapdos|367\/383
|move|p2a: Silvally|Swords Dance|p2a: Silvally
|-boost|p2a: Silvally|atk|2
|
|upkeep
|turn|13
|j| FletchHead
|
|t:|1779408777
|move|p1a: Big Z|Volt Switch|p2a: Silvally
|-damage|p2a: Silvally|64\/100
|
|t:|1779408780
|switch|p1a: Meloetta|Meloetta|341\/341|[from] Volt Switch
|move|p2a: Silvally|Multi-Attack|p1a: Meloetta
|-immune|p1a: Meloetta
|
|upkeep
|turn|14
|
|t:|1779408822
|move|p1a: Meloetta|Psychic|p2a: Silvally
|-damage|p2a: Silvally|26\/100
|move|p2a: Silvally|Defog|p1a: Meloetta
|-unboost|p1a: Meloetta|evasion|1
|
|upkeep
|turn|15
|c|☆wisestream|wait I missclicked lol
|
|t:|1779408843
|switch|p2a: Iron Jugulis|Iron Jugulis|100\/100
|move|p1a: Meloetta|Psychic|p2a: Iron Jugulis
|-immune|p2a: Iron Jugulis
|
|upkeep
|turn|16
|
|t:|1779408853
|move|p2a: Iron Jugulis|Meteor Beam||[still]
|-prepare|p2a: Iron Jugulis|Meteor Beam
|-boost|p2a: Iron Jugulis|spa|1
|-enditem|p2a: Iron Jugulis|Power Herb
|-anim|p2a: Iron Jugulis|Meteor Beam|p1a: Meloetta
|-damage|p1a: Meloetta|179\/341
|move|p1a: Meloetta|Relic Song|p2a: Iron Jugulis
|-damage|p2a: Iron Jugulis|59\/100
|-formechange|p1a: Meloetta|Meloetta-Pirouette|[msg]
|
|upkeep
|turn|17
|c|☆EmolgaTheFlyingRat|you're so mean
|c| FletchHead|the goat?
|
|t:|1779408882
|-end|p2a: Iron Jugulis|Quark Drive|[silent]
|switch|p2a: Froslass|Froslass, F|100\/100
|move|p1a: Meloetta|Close Combat|p2a: Froslass
|-immune|p2a: Froslass
|
|upkeep
|turn|18
|c|☆EmolgaTheFlyingRat|please
|
|t:|1779408892
|detailschange|p2a: Froslass|Froslass-Mega, F
|-mega|p2a: Froslass|Froslass|Froslassite
|-weather|Snowscape|[from] ability: Snow Warning|[of] p2a: Froslass
|move|p1a: Meloetta|Stone Edge|p2a: Froslass
|-supereffective|p2a: Froslass|1
|-damage|p2a: Froslass|35\/100
|move|p2a: Froslass|Blizzard|p1a: Meloetta
|-damage|p1a: Meloetta|0 fnt
|faint|p1a: Meloetta
|
|-weather|Snowscape|[upkeep]
|upkeep
|
|t:|1779408965
|switch|p1a: Bliss|Primarina, F|304\/363 tox
|turn|19
|
|t:|1779408973
|move|p2a: Froslass|Destiny Bond|p2a: Froslass
|-singlemove|p2a: Froslass|Destiny Bond
|move|p1a: Bliss|Moonblast|p2a: Froslass
|-damage|p2a: Froslass|0 fnt
|faint|p2a: Froslass
|-activate|p2a: Froslass|move: Destiny Bond
|faint|p1a: Bliss
|
|-weather|Snowscape|[upkeep]
|upkeep
|j| tony toucannon
|
|t:|1779408996
|switch|p2a: Alomomola|Alomomola, F|76\/100
|switch|p1a: Big Z|Zapdos|367\/383
|turn|20
|
|t:|1779409008
|-heal|p2a: Alomomola|100\/100|[from] ability: Regenerator|[silent]
|switch|p2a: Garchomp|Garchomp, F|100\/100
|move|p1a: Big Z|Hurricane|p2a: Garchomp
|-damage|p2a: Garchomp|50\/100
|-start|p2a: Garchomp|confusion
|
|-weather|Snowscape|[upkeep]
|upkeep
|turn|21
|
|t:|1779409030
|-activate|p2a: Garchomp|confusion
|-damage|p2a: Garchomp|37\/100|[from] confusion
|move|p1a: Big Z|Hurricane|p2a: Garchomp
|-damage|p2a: Garchomp|0 fnt
|faint|p2a: Garchomp
|
|-weather|Snowscape|[upkeep]
|upkeep
|
|t:|1779409033
|switch|p2a: Iron Jugulis|Iron Jugulis|59\/100
|turn|22
|
|t:|1779409041
|move|p2a: Iron Jugulis|Dark Pulse|p1a: Big Z
|-damage|p1a: Big Z|210\/383
|move|p1a: Big Z|Volt Switch|p2a: Iron Jugulis
|-supereffective|p2a: Iron Jugulis|1
|-damage|p2a: Iron Jugulis|0 fnt
|faint|p2a: Iron Jugulis
|-end|p2a: Iron Jugulis|Quark Drive|[silent]
|
|t:|1779409058
|switch|p1a: Goldfish|Blaziken, F|309\/309|[from] Volt Switch
|
|-weather|none
|upkeep
|
|t:|1779409062
|switch|p2a: Alomomola|Alomomola, F|100\/100
|turn|23
|
|t:|1779409069
|move|p1a: Goldfish|Protect|p1a: Goldfish
|-singleturn|p1a: Goldfish|Protect
|move|p2a: Alomomola|Liquidation|p1a: Goldfish
|-activate|p1a: Goldfish|move: Protect
|
|-ability|p1a: Goldfish|Speed Boost|boost
|-boost|p1a: Goldfish|spe|1
|upkeep
|turn|24
|
|t:|1779409081
|switch|p1a: Big Z|Zapdos|210\/383
|move|p2a: Alomomola|Wish|p2a: Alomomola
|
|upkeep
|turn|25
|
|t:|1779409091
|move|p1a: Big Z|Roost|p1a: Big Z
|-heal|p1a: Big Z|383\/383
|-singleturn|p1a: Big Z|move: Roost
|move|p2a: Alomomola|Flip Turn|p1a: Big Z
|-damage|p1a: Big Z|334\/383
|-status|p2a: Alomomola|par|[from] ability: Static|[of] p1a: Big Z
|
|t:|1779409093
|switch|p2a: Silvally|Silvally-Ghost|26\/100|[from] Flip Turn
|
|-heal|p2a: Silvally|92\/100|[from] move: Wish|[wisher] Alomomola
|upkeep
|turn|26
|
|t:|1779409103
|move|p1a: Big Z|Hurricane|p2a: Silvally
|-damage|p2a: Silvally|55\/100
|move|p2a: Silvally|Swords Dance|p2a: Silvally
|-boost|p2a: Silvally|atk|2
|
|upkeep
|turn|27
|
|t:|1779409118
|move|p1a: Big Z|Volt Switch|p2a: Silvally
|-damage|p2a: Silvally|31\/100
|
|t:|1779409120
|switch|p1a: Goldfish|Blaziken, F|309\/309|[from] Volt Switch
|move|p2a: Silvally|Flame Charge|p1a: Goldfish
|-resisted|p1a: Goldfish|1
|-crit|p1a: Goldfish
|-damage|p1a: Goldfish|214\/309
|-boost|p2a: Silvally|spe|1
|
|upkeep
|turn|28
|
|t:|1779409131
|switch|p2a: Alomomola|Alomomola, F|100\/100 par
|move|p1a: Goldfish|Protect||[still]
|-fail|p1a: Goldfish
|
|-ability|p1a: Goldfish|Speed Boost|boost
|-boost|p1a: Goldfish|spe|1
|upkeep
|turn|29
|
|t:|1779409134
|move|p1a: Goldfish|Focus Blast|p2a: Alomomola
|-damage|p2a: Alomomola|26\/100 par
|-unboost|p2a: Alomomola|spd|1
|move|p2a: Alomomola|Wish|p2a: Alomomola
|
|-ability|p1a: Goldfish|Speed Boost|boost
|-boost|p1a: Goldfish|spe|1
|upkeep
|turn|30
|
|t:|1779409143
|-heal|p2a: Alomomola|59\/100 par|[from] ability: Regenerator|[silent]
|switch|p2a: Silvally|Silvally-Ghost|31\/100
|move|p1a: Goldfish|Overheat|p2a: Silvally
|-damage|p2a: Silvally|0 fnt
|-unboost|p1a: Goldfish|spa|2
|faint|p2a: Silvally
|
|-ability|p1a: Goldfish|Speed Boost|boost
|-boost|p1a: Goldfish|spe|1
|upkeep
|
|t:|1779409147
|switch|p2a: Alomomola|Alomomola, F|59\/100 par
|turn|31
|c|☆wisestream|gg
|
|t:|1779409153
|switch|p1a: Big Z|Zapdos|334\/383
|move|p2a: Alomomola|Liquidation|p1a: Big Z
|-damage|p1a: Big Z|270\/383
|
|upkeep
|turn|32
|c| Ebastia12|Great overheat
|c|☆EmolgaTheFlyingRat|gg
|
|t:|1779409158
|move|p1a: Big Z|Volt Switch|p2a: Alomomola
|-supereffective|p2a: Alomomola|1
|-damage|p2a: Alomomola|0 fnt
|faint|p2a: Alomomola
|
|win|EmolgaTheFlyingRat
|c|☆wisestream|wp</script>
</div>
<div class="battle-log battle-log-inline"><div class="inner"><div class="battle-options"><div style="padding-top: 3px; padding-right: 3px; text-align: right"><button class="icon button" name="openBattleOptions" title="Options">Battle Options</button></div></div><div class="inner message-log"><div class="chat"><small>☆EmolgaTheFlyingRat and ☆wisestream joined</small></div><div class=""><small>Format:</small> <br><strong>[Gen 9 Champions] Draft</strong></div><div class=""><small><em>Endless Battle Clause:</em> Forcing endless battles is banned</small></div><div class=""><small><em>Species Clause:</em> Limit one of each Pokémon</small></div><div class=""><small><em>Sleep Clause Mod:</em> Limit one foe put to sleep</small></div><div class=""><small><em>OHKO Clause:</em> OHKO moves are banned</small></div><div class=""><small><em>Evasion Clause:</em> Evasion abilities, items, and moves are banned</small></div><div class=""><small><em>Evasion Abilities Clause:</em> Evasion abilities are banned</small></div><div class=""><small><em>Evasion Items Clause:</em> Evasion items are banned</small></div><div class=""><small><em>Evasion Moves Clause:</em> Evasion moves are banned</small></div><div class="chat battle-history"><strong>EmolgaTheFlyingRat's team:</strong> <em style="color:#445566;display:block;">Zapdos / Rampardos / Bronzong / Primarina / Blaziken / Meloetta</em></div><div class="chat battle-history"><strong>wisestream's team:</strong> <em style="color:#445566;display:block;">Alomomola / Garchomp / Iron Jugulis / Froslass / Silvally-Ghost / Deoxys-Defense</em></div><div class="chat chatmessage-wisestream"><strong style="color:#5b78ba"><span class="username"><small class="groupsymbol">☆</small>wisestream</span>:</strong> <em>sorry got destracted reading</em></div><div class="chat chatmessage-wisestream"><strong style="color:#5b78ba"><span class="username"><small class="groupsymbol">☆</small>wisestream</span>:</strong> <em>glhf</em></div><div class="chat chatmessage-emolgatheflyingrat mine"><strong style="color:#d32c12"><span class="username"><small class="groupsymbol">☆</small>EmolgaTheFlyingRat</span>:</strong> <em>glhf</em></div><div class="chat"><small> Ebastia12 joined</small></div><div class="spacer battle-history"><br></div><div class="battle-history">Battle started between EmolgaTheFlyingRat and wisestream!<br></div><div class="spacer battle-history"><br></div><div class="battle-history">Go! Bliss (<strong>Primarina</strong>)!<br></div><div class="spacer battle-history"><br></div><div class="battle-history">wisestream sent out Silvally (<strong>Silvally-Ghost</strong>)!<br></div><div class="spacer battle-history"><br></div><h2 class="battle-history">Turn 1</h2><div class="chat"><small> idontfreakinknow joined</small></div><div class="spacer battle-history"><br></div><div class="battle-history">Bliss, come back!<br></div><div class="battle-history">Go! Big Z (<strong>Zapdos</strong>)!<br></div><div class="spacer battle-history"><br></div><div class="battle-history">The opposing Silvally used <strong>Multi-Attack</strong>!<br></div><div class="battle-history"><small>A critical hit!</small><br></div><div class="battle-history"><small>(Big Z lost <abbr title="−208/383">54.3%</abbr> of its health!)</small><br></div><div class="spacer battle-history"><br></div><h2 class="battle-history">Turn 2</h2><div class="spacer battle-history"><br></div><div class="battle-history">wisestream withdrew Silvally!<br></div><div class="battle-history">wisestream sent out Deoxys (<strong>Deoxys-Defense</strong>)!<br></div><div class="battle-history">[The opposing Deoxys's Pressure]<br><small>The opposing Deoxys is exerting its pressure!</small><br></div><div class="spacer battle-history"><br></div><div class="battle-history">Big Z used <strong>Roost</strong>!<br></div><div class="battle-history"><small>Big Z had its HP restored.</small><br></div><div class="battle-history"><small>(Big Z loses Flying type this turn.)</small><br></div><div class="spacer battle-history"><br></div><h2 class="battle-history">Turn 3</h2><div class="spacer battle-history"><br></div><div class="battle-history">Big Z used <strong>Volt Switch</strong>!<br></div><div class="battle-history"><small>(The opposing Deoxys lost 16% of its health!)</small><br></div><div class="spacer battle-history"><br></div><div class="battle-history">Big Z went back to EmolgaTheFlyingRat!<br></div><div class="battle-history">Go! Umpire (<strong>Bronzong</strong>)!<br></div><div class="spacer battle-history"><br></div><div class="battle-history">The opposing Deoxys used <strong>Stealth Rock</strong>!<br></div><div class="battle-history"><small>Pointed stones float in the air around your team!</small><br></div><div class="spacer battle-history"><br></div><div class="battle-history"><small>The opposing Deoxys restored a little HP using its Leftovers!</small><br></div><div class="spacer battle-history"><br></div><h2 class="battle-history">Turn 4</h2><div class="spacer battle-history"><br></div><div class="battle-history">Umpire used <strong>Stealth Rock</strong>!<br></div><div class="battle-history"><small>Pointed stones float in the air around the opposing team!</small><br></div><div class="spacer battle-history"><br></div><div class="battle-history">The opposing Deoxys used <strong>Teleport</strong>!<br></div><div class="spacer battle-history"><br></div><div class="battle-history">wisestream sent out Silvally (<strong>Silvally-Ghost</strong>)!<br></div><div class="battle-history"><small>Pointed stones dug into the opposing Silvally!</small><br></div><div class="spacer battle-history"><br></div><h2 class="battle-history">Turn 5</h2><div class="spacer battle-history"><br></div><div class="battle-history">Umpire, come back!<br></div><div class="battle-history">Go! Big Z (<strong>Zapdos</strong>)!<br></div><div class="spacer battle-history"><br></div><div class="battle-history">The opposing Silvally used <strong>Defog</strong>!<br></div><div class="battle-history"><small>Big Z's evasiveness fell!</small><br></div><div class="battle-history"><small>The pointed stones disappeared from around your team!</small><br></div><div class="battle-history"><small>The pointed stones disappeared from around the opposing team!</small><br></div><div class="spacer battle-history"><br></div><h2 class="battle-history">Turn 6</h2><div class="spacer battle-history"><br></div><div class="battle-history">wisestream withdrew Silvally!<br></div><div class="battle-history">wisestream sent out Deoxys (<strong>Deoxys-Defense</strong>)!<br></div><div class="battle-history">[The opposing Deoxys's Pressure]<br><small>The opposing Deoxys is exerting its pressure!</small><br></div><div class="spacer battle-history"><br></div><div class="battle-history">Big Z used <strong>Hurricane</strong>!<br></div><div class="battle-history"><small>(The opposing Deoxys lost 27% of its health!)</small><br></div><div class="spacer battle-history"><br></div><div class="battle-history"><small>The opposing Deoxys restored a little HP using its Leftovers!</small><br></div><div class="spacer battle-history"><br></div><h2 class="battle-history">Turn 7</h2><div class="spacer battle-history"><br></div><div class="battle-history">Big Z used <strong>Volt Switch</strong>!<br></div><div class="battle-history"><small>(The opposing Deoxys lost 17% of its health!)</small><br></div><div class="spacer battle-history"><br></div><div class="battle-history">Big Z went back to EmolgaTheFlyingRat!<br></div><div class="battle-history">Go! Umpire (<strong>Bronzong</strong>)!<br></div><div class="spacer battle-history"><br></div><div class="battle-history">The opposing Deoxys used <strong>Teleport</strong>!<br></div><div class="spacer battle-history"><br></div><div class="battle-history">wisestream sent out <strong>Iron Jugulis</strong>!<br></div><div class="spacer battle-history"><br></div><h2 class="battle-history">Turn 8</h2><div class="spacer battle-history"><br></div><div class="battle-history">Umpire, come back!<br></div><div class="battle-history">Go! Bliss (<strong>Primarina</strong>)!<br></div><div class="spacer battle-history"><br></div><div class="battle-history">The opposing Iron Jugulis used <strong>Dark Pulse</strong>!<br></div><div class="battle-history"><small>It's not very effective...</small><br></div><div class="battle-history"><small>(Bliss lost <abbr title="−37/363">10.2%</abbr> of its health!)</small><br></div><div class="spacer battle-history"><br></div><h2 class="battle-history">Turn 9</h2><div class="spacer battle-history"><br></div><div class="battle-history">wisestream withdrew Iron Jugulis!<br></div><div class="battle-history">wisestream sent out <strong>Alomomola</strong>!<br></div><div class="spacer battle-history"><br></div><div class="battle-history">Bliss used <strong>Moonblast</strong>!<br></div><div class="battle-history"><small>(The opposing Alomomola lost 57% of its health!)</small><br></div><div class="spacer battle-history"><br></div><h2 class="battle-history">Turn 10</h2><div class="chat chatmessage-emolgatheflyingrat mine"><strong style="color:#d32c12"><span class="username"><small class="groupsymbol">☆</small>EmolgaTheFlyingRat</span>:</strong> <em>MY GOATTT</em></div><div class="spacer battle-history"><br></div><div class="battle-history">wisestream withdrew Alomomola!<br></div><div class="battle-history">wisestream sent out Deoxys (<strong>Deoxys-Defense</strong>)!<br></div><div class="battle-history">[The opposing Deoxys's Pressure]<br><small>The opposing Deoxys is exerting its pressure!</small><br></div><div class="spacer battle-history"><br></div><div class="battle-history">Bliss used <strong>Moonblast</strong>!<br></div><div class="battle-history"><small>(The opposing Deoxys lost 30% of its health!)</small><br></div><div class="spacer battle-history"><br></div><div class="battle-history"><small>The opposing Deoxys restored a little HP using its Leftovers!</small><br></div><div class="spacer battle-history"><br></div><h2 class="battle-history">Turn 11</h2><div class="chat chatmessage-emolgatheflyingrat mine"><strong style="color:#d32c12"><span class="username"><small class="groupsymbol">☆</small>EmolgaTheFlyingRat</span>:</strong> <em>i lowkey love how the regen now displays before the switch out</em></div><div class="spacer battle-history"><br></div><div class="battle-history">The opposing Deoxys used <strong>Toxic</strong>!<br></div><div class="battle-history"><small>Bliss was badly poisoned!</small><br></div><div class="spacer battle-history"><br></div><div class="battle-history">Bliss used <strong>Moonblast</strong>!<br></div><div class="battle-history"><small>(The opposing Deoxys lost 27% of its health!)</small><br></div><div class="spacer battle-history"><br></div><div class="battle-history">The opposing Deoxys fainted!<br></div><div class="spacer battle-history"><br></div><div class="battle-history"><small>Bliss was hurt by poison!</small><br></div><div class="spacer battle-history"><br></div><div class="battle-history">wisestream sent out Silvally (<strong>Silvally-Ghost</strong>)!<br></div><div class="spacer battle-history"><br></div><h2 class="battle-history">Turn 12</h2><div class="spacer battle-history"><br></div><div class="battle-history">Bliss, come back!<br></div><div class="battle-history">Go! Big Z (<strong>Zapdos</strong>)!<br></div><div class="spacer battle-history"><br></div><div class="battle-history">The opposing Silvally used <strong>Swords Dance</strong>!<br></div><div class="battle-history"><small>The opposing Silvally's Attack rose sharply!</small><br></div><div class="spacer battle-history"><br></div><h2 class="battle-history">Turn 13</h2><div class="chat"><small> FletchHead joined</small></div><div class="spacer battle-history"><br></div><div class="battle-history">Big Z used <strong>Volt Switch</strong>!<br></div><div class="battle-history"><small>(The opposing Silvally lost 24% of its health!)</small><br></div><div class="spacer battle-history"><br></div><div class="battle-history">Big Z went back to EmolgaTheFlyingRat!<br></div><div class="battle-history">Go! <strong>Meloetta</strong>!<br></div><div class="spacer battle-history"><br></div><div class="battle-history">The opposing Silvally used <strong>Multi-Attack</strong>!<br></div><div class="battle-history"><small>It doesn't affect Meloetta...</small><br></div><div class="spacer battle-history"><br></div><h2 class="battle-history">Turn 14</h2><div class="spacer battle-history"><br></div><div class="battle-history">Meloetta used <strong>Psychic</strong>!<br></div><div class="battle-history"><small>(The opposing Silvally lost 38% of its health!)</small><br></div><div class="spacer battle-history"><br></div><div class="battle-history">The opposing Silvally used <strong>Defog</strong>!<br></div><div class="battle-history"><small>Meloetta's evasiveness fell!</small><br></div><div class="spacer battle-history"><br></div><h2 class="battle-history">Turn 15</h2><div class="chat chatmessage-wisestream"><strong style="color:#5b78ba"><span class="username"><small class="groupsymbol">☆</small>wisestream</span>:</strong> <em>wait I missclicked lol</em></div><div class="spacer battle-history"><br></div><div class="battle-history">wisestream withdrew Silvally!<br></div><div class="battle-history">wisestream sent out <strong>Iron Jugulis</strong>!<br></div><div class="spacer battle-history"><br></div><div class="battle-history">Meloetta used <strong>Psychic</strong>!<br></div><div class="battle-history"><small>It doesn't affect the opposing Iron Jugulis...</small><br></div><div class="spacer battle-history"><br></div><h2 class="battle-history">Turn 16</h2><div class="spacer battle-history"><br></div><div class="battle-history">The opposing Iron Jugulis used <strong>Meteor Beam</strong>!<br></div><div class="battle-history">The opposing Iron Jugulis is overflowing with space power!<br></div><div class="battle-history"><small>The opposing Iron Jugulis's Sp. Atk rose!</small><br></div><div class="battle-history"><small>The opposing Iron Jugulis became fully charged due to its Power Herb!</small><br></div><div class="battle-history"><small>(Meloetta lost <abbr title="−162/341">47.5%</abbr> of its health!)</small><br></div><div class="spacer battle-history"><br></div><div class="battle-history">Meloetta used <strong>Relic Song</strong>!<br></div><div class="battle-history"><small>(The opposing Iron Jugulis lost 41% of its health!)</small><br></div><div class="battle-history">Meloetta transformed!<br></div><div class="spacer battle-history"><br></div><h2 class="battle-history">Turn 17</h2><div class="chat chatmessage-emolgatheflyingrat mine"><strong style="color:#d32c12"><span class="username"><small class="groupsymbol">☆</small>EmolgaTheFlyingRat</span>:</strong> <em>you're so mean</em></div><div class="chat chatmessage-fletchhead"><strong style="color:#4aa41a"><span class="username"><small class="groupsymbol"> </small>FletchHead</span>:</strong> <em>the goat?</em></div><div class="spacer battle-history"><br></div><div class="battle-history">wisestream withdrew Iron Jugulis!<br></div><div class="battle-history">wisestream sent out <strong>Froslass</strong>!<br></div><div class="spacer battle-history"><br></div><div class="battle-history">Meloetta used <strong>Close Combat</strong>!<br></div><div class="battle-history"><small>It doesn't affect the opposing Froslass...</small><br></div><div class="spacer battle-history"><br></div><h2 class="battle-history">Turn 18</h2><div class="chat chatmessage-emolgatheflyingrat mine"><strong style="color:#d32c12"><span class="username"><small class="groupsymbol">☆</small>EmolgaTheFlyingRat</span>:</strong> <em>please</em></div><div class="spacer battle-history"><br></div><div class="battle-history"><small>The opposing Froslass's Froslassite is reacting to the Key Stone!</small><br>The opposing Froslass has Mega Evolved into Mega Froslass!<br></div><div class="battle-history">[The opposing Froslass's Snow Warning]<br><small>It started to snow!</small><br></div><div class="spacer battle-history"><br></div><div class="battle-history">Meloetta used <strong>Stone Edge</strong>!<br></div><div class="battle-history"><small>It's super effective!</small><br></div><div class="battle-history"><small>(The opposing Froslass lost 65% of its health!)</small><br></div><div class="spacer battle-history"><br></div><div class="battle-history">The opposing Froslass used <strong>Blizzard</strong>!<br></div><div class="battle-history"><small>(Meloetta lost <abbr title="−179/341">52.5%</abbr> of its health!)</small><br></div><div class="spacer battle-history"><br></div><div class="battle-history">Meloetta fainted!<br></div><div class="spacer battle-history"><br></div><div class="battle-history"><small>(The snow is falling down.)</small><br></div><div class="spacer battle-history"><br></div><div class="battle-history">Go! Bliss (<strong>Primarina</strong>)!<br></div><div class="spacer battle-history"><br></div><h2 class="battle-history">Turn 19</h2><div class="spacer battle-history"><br></div><div class="battle-history">The opposing Froslass used <strong>Destiny Bond</strong>!<br></div><div class="battle-history"><small>The opposing Froslass is hoping to take its attacker down with it!</small><br></div><div class="spacer battle-history"><br></div><div class="battle-history">Bliss used <strong>Moonblast</strong>!<br></div><div class="battle-history"><small>(The opposing Froslass lost 35% of its health!)</small><br></div><div class="spacer battle-history"><br></div><div class="battle-history">The opposing Froslass fainted!<br></div><div class="battle-history">The opposing Froslass took its attacker down with it!<br></div><div class="spacer battle-history"><br></div><div class="battle-history">Bliss fainted!<br></div><div class="spacer battle-history"><br></div><div class="battle-history"><small>(The snow is falling down.)</small><br></div><div class="chat"><small> tony toucannon joined</small></div><div class="spacer battle-history"><br></div><div class="battle-history">wisestream sent out <strong>Alomomola</strong>!<br></div><div class="spacer battle-history"><br></div><div class="battle-history">Go! Big Z (<strong>Zapdos</strong>)!<br></div><div class="spacer battle-history"><br></div><h2 class="battle-history">Turn 20</h2><div class="spacer battle-history"><br></div><div class="battle-history">wisestream withdrew Alomomola!<br></div><div class="battle-history">wisestream sent out <strong>Garchomp</strong>!<br></div><div class="spacer battle-history"><br></div><div class="battle-history">Big Z used <strong>Hurricane</strong>!<br></div><div class="battle-history"><small>(The opposing Garchomp lost 50% of its health!)</small><br></div><div class="battle-history"><small>The opposing Garchomp became confused!</small><br></div><div class="spacer battle-history"><br></div><div class="battle-history"><small>(The snow is falling down.)</small><br></div><div class="spacer battle-history"><br></div><h2 class="battle-history">Turn 21</h2><div class="spacer battle-history"><br></div><div class="battle-history"><small>The opposing Garchomp is confused!</small><br></div><div class="battle-history">It hurt itself in its confusion!<br></div><div class="spacer battle-history"><br></div><div class="battle-history">Big Z used <strong>Hurricane</strong>!<br></div><div class="battle-history"><small>(The opposing Garchomp lost 37% of its health!)</small><br></div><div class="spacer battle-history"><br></div><div class="battle-history">The opposing Garchomp fainted!<br></div><div class="spacer battle-history"><br></div><div class="battle-history"><small>(The snow is falling down.)</small><br></div><div class="spacer battle-history"><br></div><div class="battle-history">wisestream sent out <strong>Iron Jugulis</strong>!<br></div><div class="spacer battle-history"><br></div><h2 class="battle-history">Turn 22</h2><div class="spacer battle-history"><br></div><div class="battle-history">The opposing Iron Jugulis used <strong>Dark Pulse</strong>!<br></div><div class="battle-history"><small>(Big Z lost <abbr title="−157/383">41.0%</abbr> of its health!)</small><br></div><div class="spacer battle-history"><br></div><div class="battle-history">Big Z used <strong>Volt Switch</strong>!<br></div><div class="battle-history"><small>It's super effective!</small><br></div><div class="battle-history"><small>(The opposing Iron Jugulis lost 59% of its health!)</small><br></div><div class="spacer battle-history"><br></div><div class="battle-history">The opposing Iron Jugulis fainted!<br></div><div class="spacer battle-history"><br></div><div class="battle-history">Big Z went back to EmolgaTheFlyingRat!<br></div><div class="battle-history">Go! Goldfish (<strong>Blaziken</strong>)!<br></div><div class="spacer battle-history"><br></div><div class="battle-history"><small>The snow stopped.</small><br></div><div class="spacer battle-history"><br></div><div class="battle-history">wisestream sent out <strong>Alomomola</strong>!<br></div><div class="spacer battle-history"><br></div><h2 class="battle-history">Turn 23</h2><div class="spacer battle-history"><br></div><div class="battle-history">Goldfish used <strong>Protect</strong>!<br></div><div class="battle-history"><small>Goldfish protected itself!</small><br></div><div class="spacer battle-history"><br></div><div class="battle-history">The opposing Alomomola used <strong>Liquidation</strong>!<br></div><div class="battle-history"><small>Goldfish protected itself!</small><br></div><div class="spacer battle-history"><br></div><div class="battle-history">[Goldfish's Speed Boost]<br></div><div class="battle-history"><small>Goldfish's Speed rose!</small><br></div><div class="spacer battle-history"><br></div><h2 class="battle-history">Turn 24</h2><div class="spacer battle-history"><br></div><div class="battle-history">Goldfish, come back!<br></div><div class="battle-history">Go! Big Z (<strong>Zapdos</strong>)!<br></div><div class="spacer battle-history"><br></div><div class="battle-history">The opposing Alomomola used <strong>Wish</strong>!<br></div><div class="spacer battle-history"><br></div><h2 class="battle-history">Turn 25</h2><div class="spacer battle-history"><br></div><div class="battle-history">Big Z used <strong>Roost</strong>!<br></div><div class="battle-history"><small>Big Z had its HP restored.</small><br></div><div class="battle-history"><small>(Big Z loses Flying type this turn.)</small><br></div><div class="spacer battle-history"><br></div><div class="battle-history">The opposing Alomomola used <strong>Flip Turn</strong>!<br></div><div class="battle-history"><small>(Big Z lost <abbr title="−49/383">12.8%</abbr> of its health!)</small><br></div><div class="battle-history">[Big Z's Static]<br><small>The opposing Alomomola is paralyzed! It may be unable to move!</small><br></div><div class="spacer battle-history"><br></div><div class="battle-history">The opposing Alomomola went back to wisestream!<br></div><div class="battle-history">wisestream sent out Silvally (<strong>Silvally-Ghost</strong>)!<br></div><div class="spacer battle-history"><br></div><div class="battle-history"><small>Alomomola's wish came true!</small><br></div><div class="spacer battle-history"><br></div><h2 class="battle-history">Turn 26</h2><div class="spacer battle-history"><br></div><div class="battle-history">Big Z used <strong>Hurricane</strong>!<br></div><div class="battle-history"><small>(The opposing Silvally lost 37% of its health!)</small><br></div><div class="spacer battle-history"><br></div><div class="battle-history">The opposing Silvally used <strong>Swords Dance</strong>!<br></div><div class="battle-history"><small>The opposing Silvally's Attack rose sharply!</small><br></div><div class="spacer battle-history"><br></div><h2 class="battle-history">Turn 27</h2><div class="spacer battle-history"><br></div><div class="battle-history">Big Z used <strong>Volt Switch</strong>!<br></div><div class="battle-history"><small>(The opposing Silvally lost 24% of its health!)</small><br></div><div class="spacer battle-history"><br></div><div class="battle-history">Big Z went back to EmolgaTheFlyingRat!<br></div><div class="battle-history">Go! Goldfish (<strong>Blaziken</strong>)!<br></div><div class="spacer battle-history"><br></div><div class="battle-history">The opposing Silvally used <strong>Flame Charge</strong>!<br></div><div class="battle-history"><small>It's not very effective...</small><br></div><div class="battle-history"><small>A critical hit!</small><br></div><div class="battle-history"><small>(Goldfish lost <abbr title="−95/309">30.7%</abbr> of its health!)</small><br></div><div class="battle-history"><small>The opposing Silvally's Speed rose!</small><br></div><div class="spacer battle-history"><br></div><h2 class="battle-history">Turn 28</h2><div class="spacer battle-history"><br></div><div class="battle-history">wisestream withdrew Silvally!<br></div><div class="battle-history">wisestream sent out <strong>Alomomola</strong>!<br></div><div class="spacer battle-history"><br></div><div class="battle-history">Goldfish used <strong>Protect</strong>!<br></div><div class="battle-history"><small>But it failed!</small><br></div><div class="spacer battle-history"><br></div><div class="battle-history">[Goldfish's Speed Boost]<br></div><div class="battle-history"><small>Goldfish's Speed rose!</small><br></div><div class="spacer battle-history"><br></div><h2 class="battle-history">Turn 29</h2><div class="spacer battle-history"><br></div><div class="battle-history">Goldfish used <strong>Focus Blast</strong>!<br></div><div class="battle-history"><small>(The opposing Alomomola lost 74% of its health!)</small><br></div><div class="battle-history"><small>The opposing Alomomola's Sp. Def fell!</small><br></div><div class="spacer battle-history"><br></div><div class="battle-history">The opposing Alomomola used <strong>Wish</strong>!<br></div><div class="spacer battle-history"><br></div><div class="battle-history">[Goldfish's Speed Boost]<br></div><div class="battle-history"><small>Goldfish's Speed rose!</small><br></div><div class="spacer battle-history"><br></div><h2 class="battle-history">Turn 30</h2><div class="spacer battle-history"><br></div><div class="battle-history">wisestream withdrew Alomomola!<br></div><div class="battle-history">wisestream sent out Silvally (<strong>Silvally-Ghost</strong>)!<br></div><div class="spacer battle-history"><br></div><div class="battle-history">Goldfish used <strong>Overheat</strong>!<br></div><div class="battle-history"><small>(The opposing Silvally lost 31% of its health!)</small><br></div><div class="battle-history"><small>Goldfish's Sp. Atk fell harshly!</small><br></div><div class="spacer battle-history"><br></div><div class="battle-history">The opposing Silvally fainted!<br></div><div class="spacer battle-history"><br></div><div class="battle-history">[Goldfish's Speed Boost]<br></div><div class="battle-history"><small>Goldfish's Speed rose!</small><br></div><div class="spacer battle-history"><br></div><div class="battle-history">wisestream sent out <strong>Alomomola</strong>!<br></div><div class="spacer battle-history"><br></div><h2 class="battle-history">Turn 31</h2><div class="chat chatmessage-wisestream"><strong style="color:#5b78ba"><span class="username"><small class="groupsymbol">☆</small>wisestream</span>:</strong> <em>gg</em></div><div class="spacer battle-history"><br></div><div class="battle-history">Goldfish, come back!<br></div><div class="battle-history">Go! Big Z (<strong>Zapdos</strong>)!<br></div><div class="spacer battle-history"><br></div><div class="battle-history">The opposing Alomomola used <strong>Liquidation</strong>!<br></div><div class="battle-history"><small>(Big Z lost <abbr title="−64/383">16.7%</abbr> of its health!)</small><br></div><div class="spacer battle-history"><br></div><h2 class="battle-history">Turn 32</h2><div class="chat chatmessage-ebastia12"><strong style="color:#33a819"><span class="username"><small class="groupsymbol"> </small>Ebastia12</span>:</strong> <em>Great overheat</em></div><div class="chat chatmessage-emolgatheflyingrat mine"><strong style="color:#d32c12"><span class="username"><small class="groupsymbol">☆</small>EmolgaTheFlyingRat</span>:</strong> <em>gg</em></div><div class="spacer battle-history"><br></div><div class="battle-history">Big Z used <strong>Volt Switch</strong>!<br></div><div class="battle-history"><small>It's super effective!</small><br></div><div class="battle-history"><small>(The opposing Alomomola lost 59% of its health!)</small><br></div><div class="spacer battle-history"><br></div><div class="battle-history">The opposing Alomomola fainted!<br></div><div class="spacer battle-history"><br></div><div class="battle-history"><strong>EmolgaTheFlyingRat</strong> won the battle!<br></div><div class="chat chatmessage-wisestream"><strong style="color:#5b78ba"><span class="username"><small class="groupsymbol">☆</small>wisestream</span>:</strong> <em>wp</em></div></div><div class="inner-preempt message-log"></div></div></div>
</div>
<script>
let daily = Math.floor(Date.now()/1000/60/60/24);document.write('<script src="https://play.pokemonshowdown.com/js/replay-embed.js?version'+daily+'"></'+'script>');
</script>
