<!DOCTYPE html>
<meta charset="utf-8" />
<!-- version 1 -->
<title>[Gen 9 Champions] Draft replay: ebastia12 vs. EmolgaTheFlyingRat</title>
<style>
html,body {font-family:Verdana, sans-serif;font-size:10pt;margin:0;padding:0;}body{padding:12px 0;} .battle-log {font-family:Verdana, sans-serif;font-size:10pt;} .battle-log-inline {border:1px solid #AAAAAA;background:#EEF2F5;color:black;max-width:640px;margin:0 auto 80px;padding-bottom:5px;} .battle-log .inner {padding:4px 8px 0px 8px;} .battle-log .inner-preempt {padding:0 8px 4px 8px;} .battle-log .inner-after {margin-top:0.5em;} .battle-log h2 {margin:0.5em -8px;padding:4px 8px;border:1px solid #AAAAAA;background:#E0E7EA;border-left:0;border-right:0;font-family:Verdana, sans-serif;font-size:13pt;} .battle-log .chat {vertical-align:middle;padding:3px 0 3px 0;font-size:8pt;} .battle-log .chat strong {color:#40576A;} .battle-log .chat em {padding:1px 4px 1px 3px;color:#000000;font-style:normal;} .chat.mine {background:rgba(0,0,0,0.05);margin-left:-8px;margin-right:-8px;padding-left:8px;padding-right:8px;} .spoiler {color:#BBBBBB;background:#BBBBBB;padding:0px 3px;} .spoiler:hover, .spoiler:active, .spoiler-shown {color:#000000;background:#E2E2E2;padding:0px 3px;} .spoiler a {color:#BBBBBB;} .spoiler:hover a, .spoiler:active a, .spoiler-shown a {color:#2288CC;} .chat code, .chat .spoiler:hover code, .chat .spoiler:active code, .chat .spoiler-shown code {border:1px solid #C0C0C0;background:#EEEEEE;color:black;padding:0 2px;} .chat .spoiler code {border:1px solid #CCCCCC;background:#CCCCCC;color:#CCCCCC;} .battle-log .rated {padding:3px 4px;} .battle-log .rated strong {color:white;background:#89A;padding:1px 4px;border-radius:4px;} .spacer {margin-top:0.5em;} .message-announce {background:#6688AA;color:white;padding:1px 4px 2px;} .message-announce a, .broadcast-green a, .broadcast-blue a, .broadcast-red a {color:#DDEEFF;} .broadcast-green {background-color:#559955;color:white;padding:2px 4px;} .broadcast-blue {background-color:#6688AA;color:white;padding:2px 4px;} .infobox {border:1px solid #6688AA;padding:2px 4px;} .infobox-limited {max-height:200px;overflow:auto;overflow-x:hidden;} .broadcast-red {background-color:#AA5544;color:white;padding:2px 4px;} .message-learn-canlearn {font-weight:bold;color:#228822;text-decoration:underline;} .message-learn-cannotlearn {font-weight:bold;color:#CC2222;text-decoration:underline;} .message-effect-weak {font-weight:bold;color:#CC2222;} .message-effect-resist {font-weight:bold;color:#6688AA;} .message-effect-immune {font-weight:bold;color:#666666;} .message-learn-list {margin-top:0;margin-bottom:0;} .message-throttle-notice, .message-error {color:#992222;} .message-overflow, .chat small.message-overflow {font-size:0pt;} .message-overflow::before {font-size:9pt;content:'...';} .subtle {color:#3A4A66;}
</style>
<div class="wrapper replay-wrapper" style="max-width:1180px;margin:0 auto">
<input type="hidden" name="replayid" value="unregisteredserver-gen9championsdraft-86" />
<div class="battle"></div><div class="battle-log"></div><div class="replay-controls"></div><div class="replay-controls-2"></div>
<h1 style="font-weight:normal;text-align:center"><strong>[Gen 9 Champions] Draft</strong><br /><a href="http://pokemonshowdown.com/users/ebastia12" class="subtle" target="_blank">ebastia12</a> vs. <a href="http://pokemonshowdown.com/users/emolgatheflyingrat" class="subtle" target="_blank">EmolgaTheFlyingRat</a></h1>
<script type="text/plain" class="battle-log-data">|j|☆ebastia12

|j|☆EmolgaTheFlyingRat
|t:|1781654733
|gametype|singles
|player|p1|ebastia12|170|
|player|p2|EmolgaTheFlyingRat|lady|
|gen|9
|tier|[Gen 9 Champions] Draft
|rule|Endless Battle Clause: Forcing endless battles is banned
|rule|Species Clause: Limit one of each Pokémon
|rule|Sleep Clause Mod: Limit one foe put to sleep
|rule|OHKO Clause: OHKO moves are banned
|rule|Evasion Clause: Evasion abilities, items, and moves are banned
|rule|Evasion Abilities Clause: Evasion abilities are banned
|rule|Evasion Items Clause: Evasion items are banned
|rule|Evasion Moves Clause: Evasion moves are banned
|clearpoke
|poke|p1|Hawlucha, F|
|poke|p1|Rillaboom, M|
|poke|p1|Kyurem-Black|
|poke|p1|Milotic, F|
|poke|p1|Sylveon, F|
|poke|p1|Porygon-Z|
|poke|p2|Blaziken, F|
|poke|p2|Zapdos|
|poke|p2|Zygarde|
|poke|p2|Crabominable, F|
|poke|p2|Primarina, M|
|poke|p2|Bronzong|
|teampreview
|c|☆ebastia12|Hello
|c|☆ebastia12|glhf
|c|☆EmolgaTheFlyingRat|glhf
|
|t:|1781654808
|teamsize|p1|6
|teamsize|p2|6
|start
|switch|p1a: Kyurem|Kyurem-Black|391\/391
|switch|p2a: BIG Z|Zapdos|100\/100
|-ability|p1a: Kyurem|Teravolt
|turn|1
|
|t:|1781654819
|switch|p2a: Bliss|Primarina, M|100\/100
|move|p1a: Kyurem|Ice Beam|p2a: Bliss
|-resisted|p2a: Bliss|1
|-crit|p2a: Bliss
|-damage|p2a: Bliss|73\/100
|
|upkeep
|turn|2
|
|t:|1781654858
|move|p1a: Kyurem|Fusion Bolt|p2a: Bliss
|-supereffective|p2a: Bliss|1
|-damage|p2a: Bliss|0 fnt
|faint|p2a: Bliss
|
|upkeep
|
|t:|1781654871
|switch|p2a: Goldfish|Blaziken, F|100\/100
|turn|3
|
|t:|1781654881
|move|p1a: Kyurem|Psychic|p2a: Goldfish
|-supereffective|p2a: Goldfish|1
|-damage|p2a: Goldfish|0 fnt
|faint|p2a: Goldfish
|
|upkeep
|c|☆EmolgaTheFlyingRat|oh my tech
|c|☆EmolgaTheFlyingRat|im so fried
|c|☆ebastia12|I'm gaming
|
|t:|1781654907
|switch|p2a: Umpire|Bronzong|100\/100
|turn|4
|
|t:|1781654919
|move|p1a: Kyurem|Shadow Ball|p2a: Umpire
|-supereffective|p2a: Umpire|1
|-damage|p2a: Umpire|40\/100
|move|p2a: Umpire|Trick Room|p2a: Umpire
|-fieldstart|move: Trick Room|[of] p2a: Umpire
|
|upkeep
|turn|5
|c|☆EmolgaTheFlyingRat|what the coverage
|
|t:|1781654952
|move|p2a: Umpire|Gyro Ball|p1a: Kyurem
|-supereffective|p1a: Kyurem|1
|-damage|p1a: Kyurem|137\/391
|move|p1a: Kyurem|Shadow Ball|p2a: Umpire
|-supereffective|p2a: Umpire|1
|-damage|p2a: Umpire|0 fnt
|faint|p2a: Umpire
|
|upkeep
|
|t:|1781654958
|switch|p2a: Crowbar|Crabominable, F|100\/100
|turn|6
|c|☆EmolgaTheFlyingRat|2-6 szn
|c|☆EmolgaTheFlyingRat|unfort
|
|t:|1781655013
|detailschange|p2a: Crowbar|Crabominable-Mega, F
|-mega|p2a: Crowbar|Crabominable|Crabominite
|move|p2a: Crowbar|Ice Hammer|p1a: Kyurem
|-damage|p1a: Kyurem|0 fnt
|-unboost|p2a: Crowbar|spe|1
|faint|p1a: Kyurem
|
|upkeep
|
|t:|1781655030
|switch|p1a: Sylveon|Sylveon, F|357\/357
|turn|7
|
|t:|1781655046
|move|p2a: Crowbar|Ice Hammer|p1a: Sylveon
|-damage|p1a: Sylveon|74\/357
|-unboost|p2a: Crowbar|spe|1
|move|p1a: Sylveon|Hyper Voice|p2a: Crowbar
|-supereffective|p2a: Crowbar|1
|-damage|p2a: Crowbar|0 fnt
|faint|p2a: Crowbar
|
|upkeep
|
|t:|1781655062
|switch|p2a: BIG Z|Zapdos|100\/100
|turn|8
|
|t:|1781655075
|move|p1a: Sylveon|Hyper Voice|p2a: BIG Z
|-damage|p2a: BIG Z|42\/100
|move|p2a: BIG Z|Hurricane|p1a: Sylveon|[miss]
|-miss|p2a: BIG Z|p1a: Sylveon
|
|-fieldend|move: Trick Room
|upkeep
|turn|9
|
|t:|1781655098
|move|p2a: BIG Z|Hurricane|p1a: Sylveon
|-damage|p1a: Sylveon|0 fnt
|faint|p1a: Sylveon
|
|upkeep
|
|t:|1781655108
|switch|p1a: Porygon-Z|Porygon-Z|311\/311
|turn|10
|
|t:|1781655112
|move|p1a: Porygon-Z|Ice Beam|p2a: BIG Z
|-supereffective|p2a: BIG Z|1
|-damage|p2a: BIG Z|0 fnt
|faint|p2a: BIG Z
|
|upkeep
|
|t:|1781655113
|switch|p2a: little z|Zygarde|100\/100
|-ability|p2a: little z|Aura Break
|turn|11
|
|t:|1781655118
|move|p1a: Porygon-Z|Ice Beam|p2a: little z
|-supereffective|p2a: little z|2
|-damage|p2a: little z|0 fnt
|faint|p2a: little z
|
|win|ebastia12
|c|☆EmolgaTheFlyingRat|gg
|c|☆ebastia12|gg</script>
</div>
<div class="battle-log battle-log-inline"><div class="inner"><div class="battle-options"><div style="padding-top: 3px; padding-right: 3px; text-align: right"><button class="icon button" name="openBattleOptions" title="Options">Battle Options</button></div></div><div class="inner message-log"><div class="chat"><small class="gray">☆ebastia12 and ☆EmolgaTheFlyingRat joined</small></div><div class=""><small>Format:</small> <br><strong>[Gen 9 Champions] Draft</strong></div><div class=""><small><em>Endless Battle Clause:</em> Forcing endless battles is banned</small></div><div class=""><small><em>Species Clause:</em> Limit one of each Pokémon</small></div><div class=""><small><em>Sleep Clause Mod:</em> Limit one foe put to sleep</small></div><div class=""><small><em>OHKO Clause:</em> OHKO moves are banned</small></div><div class=""><small><em>Evasion Clause:</em> Evasion abilities, items, and moves are banned</small></div><div class=""><small><em>Evasion Abilities Clause:</em> Evasion abilities are banned</small></div><div class=""><small><em>Evasion Items Clause:</em> Evasion items are banned</small></div><div class=""><small><em>Evasion Moves Clause:</em> Evasion moves are banned</small></div><div class="chat battle-history"><strong>ebastia12's team:</strong> <em style="color:#445566;display:block;">Hawlucha / Rillaboom / Kyurem-Black / Milotic / Sylveon / Porygon-Z</em></div><div class="chat battle-history"><strong>EmolgaTheFlyingRat's team:</strong> <em style="color:#445566;display:block;">Blaziken / Zapdos / Zygarde / Crabominable / Primarina / Bronzong</em></div><div class="chat chatmessage-ebastia12 mine"><strong style="color:#33a819"><span class="username"><small class="groupsymbol">☆</small>ebastia12</span>:</strong> <em>Hello</em></div><div class="chat chatmessage-ebastia12 mine"><strong style="color:#33a819"><span class="username"><small class="groupsymbol">☆</small>ebastia12</span>:</strong> <em>glhf</em></div><div class="chat chatmessage-emolgatheflyingrat"><strong style="color:#d32c12"><span class="username"><small class="groupsymbol">☆</small>EmolgaTheFlyingRat</span>:</strong> <em>glhf</em></div><div class="spacer battle-history"><br></div><div class="battle-history">Battle started between ebastia12 and EmolgaTheFlyingRat!<br></div><div class="spacer battle-history"><br></div><div class="battle-history">Go! Kyurem (<strong>Kyurem-Black</strong>)!<br></div><div class="spacer battle-history"><br></div><div class="battle-history">EmolgaTheFlyingRat sent out BIG Z (<strong>Zapdos</strong>)!<br></div><div class="battle-history">[Kyurem's Teravolt]<br><small>Kyurem is radiating a bursting aura!</small><br></div><div class="spacer battle-history"><br></div><h2 class="battle-history">Turn 1</h2><div class="spacer battle-history"><br></div><div class="battle-history">EmolgaTheFlyingRat withdrew BIG Z!<br></div><div class="battle-history">EmolgaTheFlyingRat sent out Bliss (<strong>Primarina</strong>)!<br></div><div class="spacer battle-history"><br></div><div class="battle-history">Kyurem used <strong>Ice Beam</strong>!<br></div><div class="battle-history"><small>It's not very effective...</small><br></div><div class="battle-history"><small>A critical hit!</small><br></div><div class="battle-history"><small>(The opposing Bliss lost 27% of its health!)</small><br></div><div class="spacer battle-history"><br></div><h2 class="battle-history">Turn 2</h2><div class="spacer battle-history"><br></div><div class="battle-history">Kyurem used <strong>Fusion Bolt</strong>!<br></div><div class="battle-history"><small>It's super effective!</small><br></div><div class="battle-history"><small>(The opposing Bliss lost 73% of its health!)</small><br></div><div class="spacer battle-history"><br></div><div class="battle-history">The opposing Bliss fainted!<br></div><div class="spacer battle-history"><br></div><div class="battle-history">EmolgaTheFlyingRat sent out Goldfish (<strong>Blaziken</strong>)!<br></div><div class="spacer battle-history"><br></div><h2 class="battle-history">Turn 3</h2><div class="spacer battle-history"><br></div><div class="battle-history">Kyurem used <strong>Psychic</strong>!<br></div><div class="battle-history"><small>It's super effective!</small><br></div><div class="battle-history"><small>(The opposing Goldfish lost 100% of its health!)</small><br></div><div class="spacer battle-history"><br></div><div class="battle-history">The opposing Goldfish fainted!<br></div><div class="chat chatmessage-emolgatheflyingrat"><strong style="color:#d32c12"><span class="username"><small class="groupsymbol">☆</small>EmolgaTheFlyingRat</span>:</strong> <em>oh my tech</em></div><div class="chat chatmessage-emolgatheflyingrat"><strong style="color:#d32c12"><span class="username"><small class="groupsymbol">☆</small>EmolgaTheFlyingRat</span>:</strong> <em>im so fried</em></div><div class="chat chatmessage-ebastia12 mine"><strong style="color:#33a819"><span class="username"><small class="groupsymbol">☆</small>ebastia12</span>:</strong> <em>I'm gaming</em></div><div class="spacer battle-history"><br></div><div class="battle-history">EmolgaTheFlyingRat sent out Umpire (<strong>Bronzong</strong>)!<br></div><div class="spacer battle-history"><br></div><h2 class="battle-history">Turn 4</h2><div class="spacer battle-history"><br></div><div class="battle-history">Kyurem used <strong>Shadow Ball</strong>!<br></div><div class="battle-history"><small>It's super effective!</small><br></div><div class="battle-history"><small>(The opposing Umpire lost 60% of its health!)</small><br></div><div class="spacer battle-history"><br></div><div class="battle-history">The opposing Umpire used <strong>Trick Room</strong>!<br></div><div class="battle-history"><small>The opposing Umpire twisted the dimensions!</small><br></div><div class="spacer battle-history"><br></div><h2 class="battle-history">Turn 5</h2><div class="chat chatmessage-emolgatheflyingrat"><strong style="color:#d32c12"><span class="username"><small class="groupsymbol">☆</small>EmolgaTheFlyingRat</span>:</strong> <em>what the coverage</em></div><div class="spacer battle-history"><br></div><div class="battle-history">The opposing Umpire used <strong>Gyro Ball</strong>!<br></div><div class="battle-history"><small>It's super effective!</small><br></div><div class="battle-history"><small>(Kyurem lost <abbr title="−254/391">65.0%</abbr> of its health!)</small><br></div><div class="spacer battle-history"><br></div><div class="battle-history">Kyurem used <strong>Shadow Ball</strong>!<br></div><div class="battle-history"><small>It's super effective!</small><br></div><div class="battle-history"><small>(The opposing Umpire lost 40% of its health!)</small><br></div><div class="spacer battle-history"><br></div><div class="battle-history">The opposing Umpire fainted!<br></div><div class="spacer battle-history"><br></div><div class="battle-history">EmolgaTheFlyingRat sent out Crowbar (<strong>Crabominable</strong>)!<br></div><div class="spacer battle-history"><br></div><h2 class="battle-history">Turn 6</h2><div class="chat chatmessage-emolgatheflyingrat"><strong style="color:#d32c12"><span class="username"><small class="groupsymbol">☆</small>EmolgaTheFlyingRat</span>:</strong> <em>2-6 szn</em></div><div class="chat chatmessage-emolgatheflyingrat"><strong style="color:#d32c12"><span class="username"><small class="groupsymbol">☆</small>EmolgaTheFlyingRat</span>:</strong> <em>unfort</em></div><div class="spacer battle-history"><br></div><div class="battle-history"><small>The opposing Crowbar's Crabominite is reacting to the Key Stone!</small><br>The opposing Crowbar has Mega Evolved into Mega Crabominable!<br></div><div class="spacer battle-history"><br></div><div class="battle-history">The opposing Crowbar used <strong>Ice Hammer</strong>!<br></div><div class="battle-history"><small>(Kyurem lost <abbr title="−137/391">35.0%</abbr> of its health!)</small><br></div><div class="battle-history"><small>The opposing Crowbar's Speed fell!</small><br></div><div class="spacer battle-history"><br></div><div class="battle-history">Kyurem fainted!<br></div><div class="spacer battle-history"><br></div><div class="battle-history">Go! <strong>Sylveon</strong>!<br></div><div class="spacer battle-history"><br></div><h2 class="battle-history">Turn 7</h2><div class="spacer battle-history"><br></div><div class="battle-history">The opposing Crowbar used <strong>Ice Hammer</strong>!<br></div><div class="battle-history"><small>(Sylveon lost <abbr title="−283/357">79.3%</abbr> of its health!)</small><br></div><div class="battle-history"><small>The opposing Crowbar's Speed fell!</small><br></div><div class="spacer battle-history"><br></div><div class="battle-history">Sylveon used <strong>Hyper Voice</strong>!<br></div><div class="battle-history"><small>It's super effective!</small><br></div><div class="battle-history"><small>(The opposing Crowbar lost 100% of its health!)</small><br></div><div class="spacer battle-history"><br></div><div class="battle-history">The opposing Crowbar fainted!<br></div><div class="spacer battle-history"><br></div><div class="battle-history">EmolgaTheFlyingRat sent out BIG Z (<strong>Zapdos</strong>)!<br></div><div class="spacer battle-history"><br></div><h2 class="battle-history">Turn 8</h2><div class="spacer battle-history"><br></div><div class="battle-history">Sylveon used <strong>Hyper Voice</strong>!<br></div><div class="battle-history"><small>(The opposing BIG Z lost 58% of its health!)</small><br></div><div class="spacer battle-history"><br></div><div class="battle-history">The opposing BIG Z used <strong>Hurricane</strong>!<br></div><div class="battle-history"><small>Sylveon avoided the attack!</small><br></div><div class="spacer battle-history"><br></div><div class="battle-history"><small>The twisted dimensions returned to normal!</small><br></div><div class="spacer battle-history"><br></div><h2 class="battle-history">Turn 9</h2><div class="spacer battle-history"><br></div><div class="battle-history">The opposing BIG Z used <strong>Hurricane</strong>!<br></div><div class="battle-history"><small>(Sylveon lost <abbr title="−74/357">20.7%</abbr> of its health!)</small><br></div><div class="spacer battle-history"><br></div><div class="battle-history">Sylveon fainted!<br></div><div class="spacer battle-history"><br></div><div class="battle-history">Go! <strong>Porygon-Z</strong>!<br></div><div class="spacer battle-history"><br></div><h2 class="battle-history">Turn 10</h2><div class="spacer battle-history"><br></div><div class="battle-history">Porygon-Z used <strong>Ice Beam</strong>!<br></div><div class="battle-history"><small>It's super effective!</small><br></div><div class="battle-history"><small>(The opposing BIG Z lost 42% of its health!)</small><br></div><div class="spacer battle-history"><br></div><div class="battle-history">The opposing BIG Z fainted!<br></div><div class="spacer battle-history"><br></div><div class="battle-history">EmolgaTheFlyingRat sent out little z (<strong>Zygarde</strong>)!<br></div><div class="battle-history">[The opposing little z's Aura Break]<br><small>The opposing little z reversed all other Pokémon's auras!</small><br></div><div class="spacer battle-history"><br></div><h2 class="battle-history">Turn 11</h2><div class="spacer battle-history"><br></div><div class="battle-history">Porygon-Z used <strong>Ice Beam</strong>!<br></div><div class="battle-history"><small>It's extremely effective!</small><br></div><div class="battle-history"><small>(The opposing little z lost 100% of its health!)</small><br></div><div class="spacer battle-history"><br></div><div class="battle-history">The opposing little z fainted!<br></div><div class="spacer battle-history"><br></div><div class="battle-history"><strong>ebastia12</strong> won the battle!<br></div><div class="chat chatmessage-emolgatheflyingrat"><strong style="color:#d32c12"><span class="username"><small class="groupsymbol">☆</small>EmolgaTheFlyingRat</span>:</strong> <em>gg</em></div><div class="chat chatmessage-ebastia12 mine"><strong style="color:#33a819"><span class="username"><small class="groupsymbol">☆</small>ebastia12</span>:</strong> <em>gg</em></div></div><div class="inner-preempt message-log"></div></div></div>
</div>
<script>
let daily = Math.floor(Date.now()/1000/60/60/24);document.write('<script src="https://play.pokemonshowdown.com/js/replay-embed.js?version'+daily+'"></'+'script>');
</script>
