<!DOCTYPE html>
<meta charset="utf-8" />
<!-- version 1 -->
<title>[Gen 9 Champions] Draft replay: Shirmp vs. logmonster</title>
<style>
html,body {font-family:Verdana, sans-serif;font-size:10pt;margin:0;padding:0;}body{padding:12px 0;} .battle-log {font-family:Verdana, sans-serif;font-size:10pt;} .battle-log-inline {border:1px solid #AAAAAA;background:#EEF2F5;color:black;max-width:640px;margin:0 auto 80px;padding-bottom:5px;} .battle-log .inner {padding:4px 8px 0px 8px;} .battle-log .inner-preempt {padding:0 8px 4px 8px;} .battle-log .inner-after {margin-top:0.5em;} .battle-log h2 {margin:0.5em -8px;padding:4px 8px;border:1px solid #AAAAAA;background:#E0E7EA;border-left:0;border-right:0;font-family:Verdana, sans-serif;font-size:13pt;} .battle-log .chat {vertical-align:middle;padding:3px 0 3px 0;font-size:8pt;} .battle-log .chat strong {color:#40576A;} .battle-log .chat em {padding:1px 4px 1px 3px;color:#000000;font-style:normal;} .chat.mine {background:rgba(0,0,0,0.05);margin-left:-8px;margin-right:-8px;padding-left:8px;padding-right:8px;} .spoiler {color:#BBBBBB;background:#BBBBBB;padding:0px 3px;} .spoiler:hover, .spoiler:active, .spoiler-shown {color:#000000;background:#E2E2E2;padding:0px 3px;} .spoiler a {color:#BBBBBB;} .spoiler:hover a, .spoiler:active a, .spoiler-shown a {color:#2288CC;} .chat code, .chat .spoiler:hover code, .chat .spoiler:active code, .chat .spoiler-shown code {border:1px solid #C0C0C0;background:#EEEEEE;color:black;padding:0 2px;} .chat .spoiler code {border:1px solid #CCCCCC;background:#CCCCCC;color:#CCCCCC;} .battle-log .rated {padding:3px 4px;} .battle-log .rated strong {color:white;background:#89A;padding:1px 4px;border-radius:4px;} .spacer {margin-top:0.5em;} .message-announce {background:#6688AA;color:white;padding:1px 4px 2px;} .message-announce a, .broadcast-green a, .broadcast-blue a, .broadcast-red a {color:#DDEEFF;} .broadcast-green {background-color:#559955;color:white;padding:2px 4px;} .broadcast-blue {background-color:#6688AA;color:white;padding:2px 4px;} .infobox {border:1px solid #6688AA;padding:2px 4px;} .infobox-limited {max-height:200px;overflow:auto;overflow-x:hidden;} .broadcast-red {background-color:#AA5544;color:white;padding:2px 4px;} .message-learn-canlearn {font-weight:bold;color:#228822;text-decoration:underline;} .message-learn-cannotlearn {font-weight:bold;color:#CC2222;text-decoration:underline;} .message-effect-weak {font-weight:bold;color:#CC2222;} .message-effect-resist {font-weight:bold;color:#6688AA;} .message-effect-immune {font-weight:bold;color:#666666;} .message-learn-list {margin-top:0;margin-bottom:0;} .message-throttle-notice, .message-error {color:#992222;} .message-overflow, .chat small.message-overflow {font-size:0pt;} .message-overflow::before {font-size:9pt;content:'...';} .subtle {color:#3A4A66;}
</style>
<div class="wrapper replay-wrapper" style="max-width:1180px;margin:0 auto">
<input type="hidden" name="replayid" value="unregisteredserver-gen9championsdraft-101" />
<div class="battle"></div><div class="battle-log"></div><div class="replay-controls"></div><div class="replay-controls-2"></div>
<h1 style="font-weight:normal;text-align:center"><strong>[Gen 9 Champions] Draft</strong><br /><a href="http://pokemonshowdown.com/users/shirmp" class="subtle" target="_blank">Shirmp</a> vs. <a href="http://pokemonshowdown.com/users/logmonster" class="subtle" target="_blank">logmonster</a></h1>
<script type="text/plain" class="battle-log-data">|j|☆Shirmp
|j|☆logmonster

|t:|1782794465
|gametype|singles
|player|p1|Shirmp|juan|
|player|p2|logmonster|101|
|gen|9
|tier|[Gen 9 Champions] Draft
|rule|Endless Battle Clause: Forcing endless battles is banned
|rule|Species Clause: Limit one of each Pokémon
|rule|Sleep Clause Mod: Limit one foe put to sleep
|rule|OHKO Clause: OHKO moves are banned
|rule|Evasion Clause: Evasion abilities, items, and moves are banned
|rule|Evasion Abilities Clause: Evasion abilities are banned
|rule|Evasion Items Clause: Evasion items are banned
|rule|Evasion Moves Clause: Evasion moves are banned
|clearpoke
|poke|p1|Tapu Koko|
|poke|p1|Chesnaught, M|
|poke|p1|Marowak-Alola, F|
|poke|p1|Samurott-Hisui, M|
|poke|p1|Bouffalant, M|
|poke|p1|Slowking-Galar, F|
|poke|p2|Palafin, F, shiny|
|poke|p2|Gliscor, F|
|poke|p2|Ferrothorn, F|
|poke|p2|Gengar, F|
|poke|p2|Florges-White, F|
|poke|p2|Pelipper, M|
|teampreview
|c|☆Shirmp|Glhf!
|j| frezemn
|j| tony toucannon
|c|☆logmonster|glhf :fire:
|
|t:|1782794588
|teamsize|p1|6
|teamsize|p2|6
|start
|switch|p1a: Mason Miller|Samurott-Hisui, M|100\/100
|switch|p2a: Symphony|Palafin, F, shiny|345\/345
|turn|1
|
|t:|1782794654
|move|p2a: Symphony|Flip Turn|p1a: Mason Miller
|-resisted|p1a: Mason Miller|1
|-damage|p1a: Mason Miller|88\/100
|
|t:|1782794689
|detailschange|p2a: Symphony|Palafin-Hero, F, shiny
|switch|p2a: The Town Inside Me|Florges-White, F|301\/301|[from] Flip Turn
|move|p1a: Mason Miller|Ceaseless Edge|p2a: The Town Inside Me
|-resisted|p2a: The Town Inside Me|1
|-damage|p2a: The Town Inside Me|179\/301
|-sidestart|p2: logmonster|Spikes
|
|upkeep
|turn|2
|
|t:|1782794776
|move|p2a: The Town Inside Me|Baton Pass|p2a: The Town Inside Me
|c| tony toucannon|second ceaseless like a boss
|
|t:|1782794800
|switch|p2a: Out of the Box|Pelipper, M|315\/315|[from] Baton Pass
|-weather|RainDance|[from] ability: Drizzle|[of] p2a: Out of the Box
|move|p1a: Mason Miller|Flip Turn|p2a: Out of the Box
|-resisted|p2a: Out of the Box|1
|-damage|p2a: Out of the Box|255\/315
|
|t:|1782794822
|switch|p1a: Elly de la Cruz|Tapu Koko|100\/100|[from] Flip Turn
|-fieldstart|move: Electric Terrain|[from] ability: Electric Surge|[of] p1a: Elly de la Cruz
|
|-weather|RainDance|[upkeep]
|upkeep
|turn|3
|
|t:|1782794852
|switch|p2a: The Subhuman Self|Gliscor, F|352\/352
|move|p1a: Elly de la Cruz|Dazzling Gleam|p2a: The Subhuman Self
|-damage|p2a: The Subhuman Self|177\/352
|
|-weather|RainDance|[upkeep]
|-status|p2a: The Subhuman Self|tox|[from] item: Toxic Orb
|upkeep
|turn|4
|
|t:|1782794975
|switch|p1a: Coco Crisp|Bouffalant, M|100\/100
|move|p2a: The Subhuman Self|Protect||[still]
|-fail|p2a: The Subhuman Self
|
|-weather|RainDance|[upkeep]
|-heal|p2a: The Subhuman Self|221\/352 tox|[from] ability: Poison Heal
|upkeep
|turn|5
|
|t:|1782795064
|move|p2a: The Subhuman Self|U-turn|p1a: Coco Crisp
|-damage|p1a: Coco Crisp|86\/100
|
|t:|1782795114
|switch|p2a: Requiem|Gengar, F|281\/281|[from] U-turn
|-damage|p2a: Requiem|246\/281|[from] Spikes
|move|p1a: Coco Crisp|Head Charge|p2a: Requiem
|-immune|p2a: Requiem
|
|-weather|RainDance|[upkeep]
|upkeep
|turn|6
|c|☆logmonster|\/raw <ul class="utilichart"><li class="result"><span class="col movenamecol"><a href="https:\/\/dex.pokemonshowdown.com\/moves\/headcharge">Head Charge<\/a><\/span> <span class="col typecol"><img src="\/\/play.pokemonshowdown.com\/sprites\/types\/Normal.png" alt="Normal" width="32" height="14"><img src="\/\/play.pokemonshowdown.com\/sprites\/categories\/Physical.png" alt="Physical" width="32" height="14"><\/span> <span class="col labelcol"><em>Power<\/em><br>120<\/span> <span class="col widelabelcol"><em>Accuracy<\/em><br>100%<\/span> <span class="col pplabelcol"><em>PP<\/em><br>24<\/span> <span class="col movedesccol">Has 1\/4 recoil.<\/span> <\/li><li style="clear:both"><\/li><\/ul>
|c|☆logmonster|\/raw <font size="1"><font color="#686868">Priority:<\/font> 0&nbsp;|&ThickSpace;<font color="#686868">Gen:<\/font> 5&nbsp;|&ThickSpace;&#10007; Past Gens Only&nbsp;|&ThickSpace;&#10003; Contact&nbsp;|&ThickSpace;<font color="#686868">Z-Power:<\/font> 190&nbsp;|&ThickSpace;<font color="#686868">Target:<\/font> One Adjacent Pokémon<\/font>

|
|t:|1782795149
|switch|p1a: Big Papi|Chesnaught, M|100\/100
|move|p2a: Requiem|Will-O-Wisp|p1a: Big Papi
|-status|p1a: Big Papi|brn
|
|-weather|none
|-damage|p1a: Big Papi|94\/100 brn|[from] brn
|-fieldend|move: Electric Terrain
|upkeep
|turn|7
|
|t:|1782795194
|detailschange|p1a: Big Papi|Chesnaught-Mega, M
|-mega|p1a: Big Papi|Chesnaught|Chesnaughtite
|move|p2a: Requiem|Sludge Wave|p1a: Big Papi
|-supereffective|p1a: Big Papi|1
|-damage|p1a: Big Papi|2\/100 brn
|-damage|p2a: Requiem|218\/281|[from] item: Life Orb
|move|p1a: Big Papi|Wood Hammer|p2a: Requiem
|-resisted|p2a: Requiem|1
|-damage|p2a: Requiem|131\/281
|-damage|p1a: Big Papi|0 fnt|[from] Recoil
|faint|p1a: Big Papi
|
|upkeep
|
|t:|1782795219
|switch|p1a: Mason Miller|Samurott-Hisui, M|88\/100
|turn|8
|
|t:|1782795250
|move|p2a: Requiem|Destiny Bond|p2a: Requiem
|-singlemove|p2a: Requiem|Destiny Bond
|move|p1a: Mason Miller|Ceaseless Edge|p2a: Requiem
|-supereffective|p2a: Requiem|1
|-damage|p2a: Requiem|0 fnt
|-sidestart|p2: logmonster|Spikes
|faint|p2a: Requiem
|-activate|p2a: Requiem|move: Destiny Bond
|faint|p1a: Mason Miller
|
|upkeep
|
|t:|1782795278
|switch|p2a: The Subhuman Self|Gliscor, F|221\/352 tox
|switch|p1a: Randy Johnson|Slowking-Galar, F|100\/100
|turn|9
|
|t:|1782795291
|move|p2a: The Subhuman Self|Earthquake|p1a: Randy Johnson
|-supereffective|p1a: Randy Johnson|1
|-damage|p1a: Randy Johnson|45\/100
|move|p1a: Randy Johnson|Trick Room|p1a: Randy Johnson
|-fieldstart|move: Trick Room|[of] p1a: Randy Johnson
|
|-heal|p2a: The Subhuman Self|265\/352 tox|[from] ability: Poison Heal
|upkeep
|turn|10
|
|t:|1782795313
|move|p2a: The Subhuman Self|Protect|p2a: The Subhuman Self
|-singleturn|p2a: The Subhuman Self|Protect
|-prepare|p1a: Randy Johnson|Chilly Reception|[premajor]
|move|p1a: Randy Johnson|Chilly Reception|p1a: Randy Johnson
|-weather|Snowscape
|
|t:|1782795342
|-heal|p1a: Randy Johnson|78\/100|[from] ability: Regenerator|[silent]
|switch|p1a: Coco Crisp|Bouffalant, M|86\/100|[from] Chilly Reception
|
|-weather|Snowscape|[upkeep]
|-heal|p2a: The Subhuman Self|309\/352 tox|[from] ability: Poison Heal
|upkeep
|turn|11
|
|t:|1782795361
|move|p1a: Coco Crisp|Close Combat|p2a: The Subhuman Self
|-resisted|p2a: The Subhuman Self|1
|-damage|p2a: The Subhuman Self|238\/352 tox
|-unboost|p1a: Coco Crisp|def|1
|-unboost|p1a: Coco Crisp|spd|1
|move|p2a: The Subhuman Self|Earthquake|p1a: Coco Crisp
|-damage|p1a: Coco Crisp|41\/100
|
|-weather|Snowscape|[upkeep]
|-heal|p2a: The Subhuman Self|282\/352 tox|[from] ability: Poison Heal
|upkeep
|turn|12
|
|t:|1782795378
|move|p2a: The Subhuman Self|Protect|p2a: The Subhuman Self
|-singleturn|p2a: The Subhuman Self|Protect
|move|p1a: Coco Crisp|Close Combat|p2a: The Subhuman Self
|-activate|p2a: The Subhuman Self|move: Protect
|
|-weather|Snowscape|[upkeep]
|-heal|p2a: The Subhuman Self|326\/352 tox|[from] ability: Poison Heal
|upkeep
|turn|13
|
|t:|1782795464
|move|p1a: Coco Crisp|Close Combat|p2a: The Subhuman Self
|-resisted|p2a: The Subhuman Self|1
|-damage|p2a: The Subhuman Self|258\/352 tox
|-unboost|p1a: Coco Crisp|def|1
|-unboost|p1a: Coco Crisp|spd|1
|move|p2a: The Subhuman Self|U-turn|p1a: Coco Crisp
|-damage|p1a: Coco Crisp|14\/100
|
|t:|1782795472
|switch|p2a: Out of the Box|Pelipper, M|255\/315|[from] U-turn
|-weather|RainDance|[from] ability: Drizzle|[of] p2a: Out of the Box
|
|-weather|RainDance|[upkeep]
|-fieldend|move: Trick Room
|upkeep
|turn|14
|
|t:|1782795485
|move|p2a: Out of the Box|Defog|p1a: Coco Crisp
|-unboost|p1a: Coco Crisp|evasion|1
|-sideend|p2: logmonster|Spikes|[from] move: Defog|[of] p2a: Out of the Box
|move|p1a: Coco Crisp|Close Combat|p2a: Out of the Box
|-resisted|p2a: Out of the Box|1
|-damage|p2a: Out of the Box|168\/315
|-unboost|p1a: Coco Crisp|def|1
|-unboost|p1a: Coco Crisp|spd|1
|
|-weather|RainDance|[upkeep]
|upkeep
|turn|15
|
|t:|1782795495
|move|p2a: Out of the Box|U-turn|p1a: Coco Crisp
|-damage|p1a: Coco Crisp|0 fnt
|faint|p1a: Coco Crisp
|
|t:|1782795503
|switch|p2a: Symphony|Palafin-Hero, F, shiny|345\/345|[from] U-turn
|-activate|p2a: Symphony|ability: Zero to Hero
|
|-weather|RainDance|[upkeep]
|upkeep
|
|t:|1782795509
|switch|p1a: Elly de la Cruz|Tapu Koko|100\/100
|-fieldstart|move: Electric Terrain|[from] ability: Electric Surge|[of] p1a: Elly de la Cruz
|turn|16
|
|t:|1782795527
|switch|p2a: Storyteller|Ferrothorn, F|352\/352
|move|p1a: Elly de la Cruz|Dazzling Gleam|p2a: Storyteller
|-resisted|p2a: Storyteller|1
|-damage|p2a: Storyteller|287\/352
|
|-weather|RainDance|[upkeep]
|-heal|p2a: Storyteller|309\/352|[from] item: Leftovers
|upkeep
|turn|17
|
|t:|1782795544
|switch|p1a: Randy Johnson|Slowking-Galar, F|78\/100
|move|p2a: Storyteller|Knock Off|p1a: Randy Johnson
|-supereffective|p1a: Randy Johnson|1
|-enditem|p1a: Randy Johnson|Colbur Berry|[eat]
|-enditem|p1a: Randy Johnson|Colbur Berry|[weaken]
|-damage|p1a: Randy Johnson|61\/100
|
|-weather|none
|-heal|p2a: Storyteller|331\/352|[from] item: Leftovers
|upkeep
|turn|18
|
|t:|1782795558
|move|p1a: Randy Johnson|Future Sight|p2a: Storyteller
|-start|p1a: Randy Johnson|move: Future Sight
|move|p2a: Storyteller|Spikes|p1a: Randy Johnson
|-sidestart|p1: Shirmp|Spikes
|
|-heal|p2a: Storyteller|352\/352|[from] item: Leftovers
|upkeep
|turn|19
|
|t:|1782795570
|-prepare|p1a: Randy Johnson|Chilly Reception|[premajor]
|move|p1a: Randy Johnson|Chilly Reception|p1a: Randy Johnson
|-weather|Snowscape
|
|t:|1782795573
|-heal|p1a: Randy Johnson|94\/100|[from] ability: Regenerator|[silent]
|switch|p1a: Barry Bonds|Marowak-Alola, F|100\/100|[from] Chilly Reception
|-damage|p1a: Barry Bonds|88\/100|[from] Spikes
|move|p2a: Storyteller|Spikes|p1a: Barry Bonds
|-sidestart|p1: Shirmp|Spikes
|
|-weather|Snowscape|[upkeep]
|upkeep
|turn|20
|
|t:|1782795587
|switch|p2a: Out of the Box|Pelipper, M|168\/315
|-weather|RainDance|[from] ability: Drizzle|[of] p2a: Out of the Box
|move|p1a: Barry Bonds|Substitute|p1a: Barry Bonds
|-start|p1a: Barry Bonds|Substitute
|-damage|p1a: Barry Bonds|63\/100
|
|-weather|RainDance|[upkeep]
|-end|p2a: Out of the Box|move: Future Sight
|-damage|p2a: Out of the Box|0 fnt
|faint|p2a: Out of the Box
|-fieldend|move: Electric Terrain
|upkeep
|c| tony toucannon|letcook
|
|t:|1782795603
|switch|p2a: Symphony|Palafin-Hero, F, shiny|345\/345
|turn|21
|
|t:|1782795607
|move|p2a: Symphony|Flip Turn|p1a: Barry Bonds
|-supereffective|p1a: Barry Bonds|1
|-end|p1a: Barry Bonds|Substitute
|c|☆logmonster|!dt shadow bone
|c|☆logmonster|\/raw <ul class="utilichart"><li class="result"><span class="col movenamecol"><a href="https:\/\/dex.pokemonshowdown.com\/moves\/shadowbone">Shadow Bone<\/a><\/span> <span class="col typecol"><img src="\/\/play.pokemonshowdown.com\/sprites\/types\/Ghost.png" alt="Ghost" width="32" height="14"><img src="\/\/play.pokemonshowdown.com\/sprites\/categories\/Physical.png" alt="Physical" width="32" height="14"><\/span> <span class="col labelcol"><em>Power<\/em><br>85<\/span> <span class="col widelabelcol"><em>Accuracy<\/em><br>100%<\/span> <span class="col pplabelcol"><em>PP<\/em><br>16<\/span> <span class="col movedesccol">20% chance to lower the target's Defense by 1.<\/span> <\/li><li style="clear:both"><\/li><\/ul>
|c|☆logmonster|\/raw <font size="1"><font color="#686868">Priority:<\/font> 0&nbsp;|&ThickSpace;<font color="#686868">Gen:<\/font> 7&nbsp;|&ThickSpace;&#10007; Past Gens Only&nbsp;|&ThickSpace;&#10003; Boosted by Sheer Force&nbsp;|&ThickSpace;<font color="#686868">Z-Power:<\/font> 160&nbsp;|&ThickSpace;<font color="#686868">Target:<\/font> One Adjacent Pokémon<\/font>
|
|t:|1782795642
|switch|p2a: The Subhuman Self|Gliscor, F|258\/352 tox|[from] Flip Turn
|move|p1a: Barry Bonds|Poltergeist|p2a: The Subhuman Self
|-activate|p2a: The Subhuman Self|move: Poltergeist|Toxic Orb
|-damage|p2a: The Subhuman Self|36\/352 tox
|
|-weather|RainDance|[upkeep]
|-heal|p2a: The Subhuman Self|80\/352 tox|[from] ability: Poison Heal
|upkeep
|turn|22
|
|t:|1782795669
|move|p2a: The Subhuman Self|Earthquake|p1a: Barry Bonds
|-supereffective|p1a: Barry Bonds|1
|-damage|p1a: Barry Bonds|0 fnt
|faint|p1a: Barry Bonds
|
|-weather|RainDance|[upkeep]
|-heal|p2a: The Subhuman Self|124\/352 tox|[from] ability: Poison Heal
|upkeep
|
|t:|1782795677
|switch|p1a: Elly de la Cruz|Tapu Koko|100\/100
|-damage|p1a: Elly de la Cruz|84\/100|[from] Spikes
|-fieldstart|move: Electric Terrain|[from] ability: Electric Surge|[of] p1a: Elly de la Cruz
|turn|23
|
|t:|1782795683
|move|p2a: The Subhuman Self|Protect|p2a: The Subhuman Self
|-singleturn|p2a: The Subhuman Self|Protect
|move|p1a: Elly de la Cruz|Dazzling Gleam|p2a: The Subhuman Self
|-activate|p2a: The Subhuman Self|move: Protect
|
|-weather|RainDance|[upkeep]
|-heal|p2a: The Subhuman Self|168\/352 tox|[from] ability: Poison Heal
|upkeep
|turn|24
|
|t:|1782795692
|switch|p2a: Storyteller|Ferrothorn, F|352\/352
|move|p1a: Elly de la Cruz|Dazzling Gleam|p2a: Storyteller
|-resisted|p2a: Storyteller|1
|-damage|p2a: Storyteller|279\/352
|
|-weather|none
|-heal|p2a: Storyteller|301\/352|[from] item: Leftovers
|upkeep
|turn|25
|
|t:|1782795700
|switch|p1a: Randy Johnson|Slowking-Galar, F|94\/100
|-damage|p1a: Randy Johnson|77\/100|[from] Spikes
|move|p2a: Storyteller|Leech Seed|p1a: Randy Johnson
|-start|p1a: Randy Johnson|move: Leech Seed
|
|-heal|p2a: Storyteller|323\/352|[from] item: Leftovers
|-damage|p1a: Randy Johnson|65\/100|[from] Leech Seed|[of] p2a: Storyteller
|-heal|p2a: Storyteller|352\/352|[silent]
|upkeep
|turn|26
|
|t:|1782795702
|move|p1a: Randy Johnson|Future Sight|p2a: Storyteller
|-start|p1a: Randy Johnson|move: Future Sight
|move|p2a: Storyteller|Spikes|p1a: Randy Johnson
|-sidestart|p1: Shirmp|Spikes
|
|-damage|p1a: Randy Johnson|52\/100|[from] Leech Seed|[of] p2a: Storyteller
|upkeep
|turn|27
|
|t:|1782795728
|-prepare|p1a: Randy Johnson|Chilly Reception|[premajor]
|move|p1a: Randy Johnson|Chilly Reception|p1a: Randy Johnson
|-weather|Snowscape
|
|t:|1782795731
|-heal|p1a: Randy Johnson|86\/100|[from] ability: Regenerator|[silent]
|switch|p1a: Elly de la Cruz|Tapu Koko|84\/100|[from] Chilly Reception
|-damage|p1a: Elly de la Cruz|59\/100|[from] Spikes
|move|p2a: Storyteller|Leech Seed|p1a: Elly de la Cruz
|-start|p1a: Elly de la Cruz|move: Leech Seed
|
|-weather|Snowscape|[upkeep]
|-damage|p1a: Elly de la Cruz|47\/100|[from] Leech Seed|[of] p2a: Storyteller
|-fieldend|move: Electric Terrain
|upkeep
|turn|28
|
|t:|1782795743
|move|p1a: Elly de la Cruz|U-turn|p2a: Storyteller
|-damage|p2a: Storyteller|316\/352
|-damage|p1a: Elly de la Cruz|34\/100|[from] ability: Iron Barbs|[of] p2a: Storyteller
|
|t:|1782795746
|switch|p1a: Randy Johnson|Slowking-Galar, F|86\/100|[from] U-turn
|-damage|p1a: Randy Johnson|61\/100|[from] Spikes
|move|p2a: Storyteller|Body Press|p1a: Randy Johnson
|-resisted|p1a: Randy Johnson|2
|-damage|p1a: Randy Johnson|54\/100
|
|-weather|Snowscape|[upkeep]
|-end|p2a: Storyteller|move: Future Sight
|-resisted|p2a: Storyteller|1
|-damage|p2a: Storyteller|254\/352
|-heal|p2a: Storyteller|276\/352|[from] item: Leftovers
|upkeep
|turn|29
|
|t:|1782795749
|move|p1a: Randy Johnson|Future Sight|p2a: Storyteller
|-start|p1a: Randy Johnson|move: Future Sight
|move|p2a: Storyteller|Leech Seed|p1a: Randy Johnson
|-start|p1a: Randy Johnson|move: Leech Seed
|
|-weather|Snowscape|[upkeep]
|-heal|p2a: Storyteller|298\/352|[from] item: Leftovers
|-damage|p1a: Randy Johnson|42\/100|[from] Leech Seed|[of] p2a: Storyteller
|-heal|p2a: Storyteller|347\/352|[silent]
|upkeep
|turn|30
|
|t:|1782795753
|-prepare|p1a: Randy Johnson|Chilly Reception|[premajor]
|move|p1a: Randy Johnson|Chilly Reception|p1a: Randy Johnson
|
|t:|1782795754
|-heal|p1a: Randy Johnson|75\/100|[from] ability: Regenerator|[silent]
|switch|p1a: Elly de la Cruz|Tapu Koko|34\/100|[from] Chilly Reception
|-damage|p1a: Elly de la Cruz|9\/100|[from] Spikes
|-fieldstart|move: Electric Terrain|[from] ability: Electric Surge|[of] p1a: Elly de la Cruz
|move|p2a: Storyteller|Knock Off|p1a: Elly de la Cruz
|-resisted|p1a: Elly de la Cruz|1
|-damage|p1a: Elly de la Cruz|0 fnt
|-enditem|p1a: Elly de la Cruz|Choice Specs|[from] move: Knock Off|[of] p2a: Storyteller
|faint|p1a: Elly de la Cruz
|
|-weather|Snowscape|[upkeep]
|-heal|p2a: Storyteller|352\/352|[from] item: Leftovers
|upkeep
|
|t:|1782795755
|switch|p1a: Randy Johnson|Slowking-Galar, F|75\/100
|-damage|p1a: Randy Johnson|50\/100|[from] Spikes
|turn|31
|
|t:|1782795763
|move|p2a: Storyteller|Leech Seed|p1a: Randy Johnson
|-start|p1a: Randy Johnson|move: Leech Seed
|move|p1a: Randy Johnson|Trick Room|p1a: Randy Johnson
|-fieldstart|move: Trick Room|[of] p1a: Randy Johnson
|
|-weather|none
|-end|p2a: Storyteller|move: Future Sight
|-resisted|p2a: Storyteller|1
|-damage|p2a: Storyteller|295\/352
|-heal|p2a: Storyteller|317\/352|[from] item: Leftovers
|-damage|p1a: Randy Johnson|38\/100|[from] Leech Seed|[of] p2a: Storyteller
|-heal|p2a: Storyteller|352\/352|[silent]
|upkeep
|turn|32
|
|t:|1782795774
|move|p2a: Storyteller|Knock Off|p1a: Randy Johnson
|-supereffective|p1a: Randy Johnson|1
|-damage|p1a: Randy Johnson|14\/100
|move|p1a: Randy Johnson|Future Sight|p2a: Storyteller
|-start|p1a: Randy Johnson|move: Future Sight
|
|-damage|p1a: Randy Johnson|2\/100|[from] Leech Seed|[of] p2a: Storyteller
|upkeep
|turn|33
|
|t:|1782795783
|move|p2a: Storyteller|Leech Seed||[still]
|-fail|p2a: Storyteller
|move|p1a: Randy Johnson|Sludge Wave|p2a: Storyteller
|-immune|p2a: Storyteller
|
|-damage|p1a: Randy Johnson|0 fnt|[from] Leech Seed|[of] p2a: Storyteller
|faint|p1a: Randy Johnson
|
|win|logmonster</script>
</div>
<div class="battle-log battle-log-inline"><div class="inner"><div class="battle-options"><div style="padding-top: 3px; padding-right: 3px; text-align: right"><button class="icon button" name="openBattleOptions" title="Options">Battle Options</button></div></div><div class="inner message-log"><div class="chat"><small class="gray">☆Shirmp and ☆logmonster joined</small></div><div class=""><small>Format:</small> <br><strong>[Gen 9 Champions] Draft</strong></div><div class=""><small><em>Endless Battle Clause:</em> Forcing endless battles is banned</small></div><div class=""><small><em>Species Clause:</em> Limit one of each Pokémon</small></div><div class=""><small><em>Sleep Clause Mod:</em> Limit one foe put to sleep</small></div><div class=""><small><em>OHKO Clause:</em> OHKO moves are banned</small></div><div class=""><small><em>Evasion Clause:</em> Evasion abilities, items, and moves are banned</small></div><div class=""><small><em>Evasion Abilities Clause:</em> Evasion abilities are banned</small></div><div class=""><small><em>Evasion Items Clause:</em> Evasion items are banned</small></div><div class=""><small><em>Evasion Moves Clause:</em> Evasion moves are banned</small></div><div class="chat battle-history"><strong>Shirmp's team:</strong> <em style="color:#445566;display:block;">Tapu Koko / Chesnaught / Marowak-Alola / Samurott-Hisui / Bouffalant / Slowking-Galar</em></div><div class="chat battle-history"><strong>logmonster's team:</strong> <em style="color:#445566;display:block;">Palafin / Gliscor / Ferrothorn / Gengar / Florges-White / Pelipper</em></div><div class="chat chatmessage-shirmp"><strong style="color:#8d9c3a"><span class="username"><small class="groupsymbol">☆</small>Shirmp</span>:</strong> <em>Glhf!</em></div><div class="chat"><small class="gray"> frezemn and  tony toucannon joined</small></div><div class="chat chatmessage-logmonster mine"><strong style="color:#a36123"><span class="username"><small class="groupsymbol">☆</small>logmonster</span>:</strong> <em>glhf :fire:</em></div><div class="spacer battle-history"><br></div><div class="battle-history">Battle started between Shirmp and logmonster!<br></div><div class="spacer battle-history"><br></div><div class="battle-history">Shirmp sent out Mason Miller (<strong>Samurott-Hisui</strong>)!<br></div><div class="spacer battle-history"><br></div><div class="battle-history">Go! Symphony (<strong>Palafin</strong>)!<br></div><div class="spacer battle-history"><br></div><h2 class="battle-history">Turn 1</h2><div class="spacer battle-history"><br></div><div class="battle-history">Symphony used <strong>Flip Turn</strong>!<br></div><div class="battle-history"><small>It's not very effective...</small><br></div><div class="battle-history"><small>(The opposing Mason Miller lost 12% of its health!)</small><br></div><div class="spacer battle-history"><br></div><div class="battle-history">Symphony went back to logmonster!<br></div><div class="battle-history">Go! The Town Inside Me (<strong>Florges-White</strong>)!<br></div><div class="spacer battle-history"><br></div><div class="battle-history">The opposing Mason Miller used <strong>Ceaseless Edge</strong>!<br></div><div class="battle-history"><small>It's not very effective...</small><br></div><div class="battle-history"><small>(The Town Inside Me lost <abbr title="−122/301">40.5%</abbr> of its health!)</small><br></div><div class="battle-history"><small>Spikes were scattered on the ground all around your team!</small><br></div><div class="spacer battle-history"><br></div><h2 class="battle-history">Turn 2</h2><div class="spacer battle-history"><br></div><div class="battle-history">The Town Inside Me used <strong>Baton Pass</strong>!<br></div><div class="chat chatmessage-tonytoucannon"><strong style="color:#1288bf"><span class="username"><small class="groupsymbol"> </small>tony toucannon</span>:</strong> <em>second ceaseless like a boss</em></div><div class="spacer battle-history"><br></div><div class="battle-history">Go! Out of the Box (<strong>Pelipper</strong>)!<br></div><div class="battle-history">[Out of the Box's Drizzle]<br><small>It started to rain!</small><br></div><div class="spacer battle-history"><br></div><div class="battle-history">The opposing Mason Miller used <strong>Flip Turn</strong>!<br></div><div class="battle-history"><small>It's not very effective...</small><br></div><div class="battle-history"><small>(Out of the Box lost <abbr title="−60/315">19.0%</abbr> of its health!)</small><br></div><div class="spacer battle-history"><br></div><div class="battle-history">The opposing Mason Miller went back to Shirmp!<br></div><div class="battle-history">Shirmp sent out Elly de la Cruz (<strong>Tapu Koko</strong>)!<br></div><div class="battle-history">[The opposing Elly de la Cruz's Electric Surge]<br><small>An electric current ran across the battlefield!</small><br></div><div class="spacer battle-history"><br></div><div class="battle-history"><small>(Rain continues to fall.)</small><br></div><div class="spacer battle-history"><br></div><h2 class="battle-history">Turn 3</h2><div class="spacer battle-history"><br></div><div class="battle-history">Out of the Box, come back!<br></div><div class="battle-history">Go! The Subhuman Self (<strong>Gliscor</strong>)!<br></div><div class="spacer battle-history"><br></div><div class="battle-history">The opposing Elly de la Cruz used <strong>Dazzling Gleam</strong>!<br></div><div class="battle-history"><small>(The Subhuman Self lost <abbr title="−175/352">49.7%</abbr> of its health!)</small><br></div><div class="spacer battle-history"><br></div><div class="battle-history"><small>(Rain continues to fall.)</small><br></div><div class="battle-history"><small>The Subhuman Self was badly poisoned by the Toxic Orb!</small><br></div><div class="spacer battle-history"><br></div><h2 class="battle-history">Turn 4</h2><div class="spacer battle-history"><br></div><div class="battle-history">Shirmp withdrew Elly de la Cruz!<br></div><div class="battle-history">Shirmp sent out Coco Crisp (<strong>Bouffalant</strong>)!<br></div><div class="spacer battle-history"><br></div><div class="battle-history">The Subhuman Self used <strong>Protect</strong>!<br></div><div class="battle-history"><small>But it failed!</small><br></div><div class="spacer battle-history"><br></div><div class="battle-history"><small>(Rain continues to fall.)</small><br></div><div class="battle-history">[The Subhuman Self's Poison Heal]<br><small>The Subhuman Self had its HP restored.</small><br></div><div class="spacer battle-history"><br></div><h2 class="battle-history">Turn 5</h2><div class="spacer battle-history"><br></div><div class="battle-history">The Subhuman Self used <strong>U-turn</strong>!<br></div><div class="battle-history"><small>(The opposing Coco Crisp lost 14% of its health!)</small><br></div><div class="spacer battle-history"><br></div><div class="battle-history">The Subhuman Self went back to logmonster!<br></div><div class="battle-history">Go! Requiem (<strong>Gengar</strong>)!<br></div><div class="battle-history"><small>Requiem was hurt by the spikes!</small><br></div><div class="spacer battle-history"><br></div><div class="battle-history">The opposing Coco Crisp used <strong>Head Charge</strong>!<br></div><div class="battle-history"><small>It doesn't affect Requiem...</small><br></div><div class="spacer battle-history"><br></div><div class="battle-history"><small>(Rain continues to fall.)</small><br></div><div class="spacer battle-history"><br></div><h2 class="battle-history">Turn 6</h2><div class="chat"><ul class="utilichart"><li class="result"><span class="col movenamecol"><a href="https://dex.pokemonshowdown.com/moves/headcharge" target="_blank" rel="noopener">Head Charge</a></span> <span class="col typecol"><img src="//play.pokemonshowdown.com/sprites/types/Normal.png" alt="Normal" width="32" height="14"><img src="//play.pokemonshowdown.com/sprites/categories/Physical.png" alt="Physical" width="32" height="14"></span> <span class="col labelcol"><em>Power</em><br>120</span> <span class="col widelabelcol"><em>Accuracy</em><br>100%</span> <span class="col pplabelcol"><em>PP</em><br>24</span> <span class="col movedesccol">Has 1/4 recoil.</span> </li><li style="clear: both"></li></ul></div><div class="chat"><font size="1"><font color="#686868">Priority:</font> 0&nbsp;|  <font color="#686868">Gen:</font> 5&nbsp;|  ✗ Past Gens Only&nbsp;|  ✓ Contact&nbsp;|  <font color="#686868">Z-Power:</font> 190&nbsp;|  <font color="#686868">Target:</font> One Adjacent Pokémon</font></div><div class="spacer battle-history"><br></div><div class="battle-history">Shirmp withdrew Coco Crisp!<br></div><div class="battle-history">Shirmp sent out Big Papi (<strong>Chesnaught</strong>)!<br></div><div class="spacer battle-history"><br></div><div class="battle-history">Requiem used <strong>Will-O-Wisp</strong>!<br></div><div class="battle-history"><small>The opposing Big Papi was burned!</small><br></div><div class="spacer battle-history"><br></div><div class="battle-history"><small>The rain stopped.</small><br></div><div class="battle-history"><small>The opposing Big Papi was hurt by its burn!</small><br></div><div class="battle-history"><small>The electricity disappeared from the battlefield.</small><br></div><div class="spacer battle-history"><br></div><h2 class="battle-history">Turn 7</h2><div class="spacer battle-history"><br></div><div class="battle-history"><small>The opposing Big Papi's Chesnaughtite is reacting to the Key Stone!</small><br>The opposing Big Papi has Mega Evolved into Mega Chesnaught!<br></div><div class="spacer battle-history"><br></div><div class="battle-history">Requiem used <strong>Sludge Wave</strong>!<br></div><div class="battle-history"><small>It's super effective!</small><br></div><div class="battle-history"><small>(The opposing Big Papi lost 92% of its health!)</small><br></div><div class="battle-history"><small>Requiem lost some of its HP!</small><br></div><div class="spacer battle-history"><br></div><div class="battle-history">The opposing Big Papi used <strong>Wood Hammer</strong>!<br></div><div class="battle-history"><small>It's not very effective...</small><br></div><div class="battle-history"><small>(Requiem lost <abbr title="−87/281">31.0%</abbr> of its health!)</small><br></div><div class="battle-history"><small>The opposing Big Papi was damaged by the recoil!</small><br></div><div class="spacer battle-history"><br></div><div class="battle-history">The opposing Big Papi fainted!<br></div><div class="spacer battle-history"><br></div><div class="battle-history">Shirmp sent out Mason Miller (<strong>Samurott-Hisui</strong>)!<br></div><div class="spacer battle-history"><br></div><h2 class="battle-history">Turn 8</h2><div class="spacer battle-history"><br></div><div class="battle-history">Requiem used <strong>Destiny Bond</strong>!<br></div><div class="battle-history"><small>Requiem is hoping to take its attacker down with it!</small><br></div><div class="spacer battle-history"><br></div><div class="battle-history">The opposing Mason Miller used <strong>Ceaseless Edge</strong>!<br></div><div class="battle-history"><small>It's super effective!</small><br></div><div class="battle-history"><small>(Requiem lost <abbr title="−131/281">46.6%</abbr> of its health!)</small><br></div><div class="battle-history"><small>Spikes were scattered on the ground all around your team!</small><br></div><div class="spacer battle-history"><br></div><div class="battle-history">Requiem fainted!<br></div><div class="battle-history">Requiem took its attacker down with it!<br></div><div class="spacer battle-history"><br></div><div class="battle-history">The opposing Mason Miller fainted!<br></div><div class="spacer battle-history"><br></div><div class="battle-history">Go! The Subhuman Self (<strong>Gliscor</strong>)!<br></div><div class="spacer battle-history"><br></div><div class="battle-history">Shirmp sent out Randy Johnson (<strong>Slowking-Galar</strong>)!<br></div><div class="spacer battle-history"><br></div><h2 class="battle-history">Turn 9</h2><div class="spacer battle-history"><br></div><div class="battle-history">The Subhuman Self used <strong>Earthquake</strong>!<br></div><div class="battle-history"><small>It's super effective!</small><br></div><div class="battle-history"><small>(The opposing Randy Johnson lost 55% of its health!)</small><br></div><div class="spacer battle-history"><br></div><div class="battle-history">The opposing Randy Johnson used <strong>Trick Room</strong>!<br></div><div class="battle-history"><small>The opposing Randy Johnson twisted the dimensions!</small><br></div><div class="spacer battle-history"><br></div><div class="battle-history">[The Subhuman Self's Poison Heal]<br><small>The Subhuman Self had its HP restored.</small><br></div><div class="spacer battle-history"><br></div><h2 class="battle-history">Turn 10</h2><div class="spacer battle-history"><br></div><div class="battle-history">The Subhuman Self used <strong>Protect</strong>!<br></div><div class="battle-history"><small>The Subhuman Self protected itself!</small><br></div><div class="spacer battle-history"><br></div><div class="battle-history"><small>The opposing Randy Johnson is preparing to tell a chillingly bad joke!</small><br></div><div class="battle-history">The opposing Randy Johnson used <strong>Chilly Reception</strong>!<br></div><div class="battle-history"><small>It started to snow!</small><br></div><div class="spacer battle-history"><br></div><div class="battle-history">Shirmp withdrew Randy Johnson!<br></div><div class="battle-history">Shirmp sent out Coco Crisp (<strong>Bouffalant</strong>)!<br></div><div class="spacer battle-history"><br></div><div class="battle-history"><small>(The snow is falling down.)</small><br></div><div class="battle-history">[The Subhuman Self's Poison Heal]<br><small>The Subhuman Self had its HP restored.</small><br></div><div class="spacer battle-history"><br></div><h2 class="battle-history">Turn 11</h2><div class="spacer battle-history"><br></div><div class="battle-history">The opposing Coco Crisp used <strong>Close Combat</strong>!<br></div><div class="battle-history"><small>It's not very effective...</small><br></div><div class="battle-history"><small>(The Subhuman Self lost <abbr title="−71/352">20.2%</abbr> of its health!)</small><br></div><div class="battle-history"><small>The opposing Coco Crisp's Defense fell!</small><br></div><div class="battle-history"><small>The opposing Coco Crisp's Sp. Def fell!</small><br></div><div class="spacer battle-history"><br></div><div class="battle-history">The Subhuman Self used <strong>Earthquake</strong>!<br></div><div class="battle-history"><small>(The opposing Coco Crisp lost 45% of its health!)</small><br></div><div class="spacer battle-history"><br></div><div class="battle-history"><small>(The snow is falling down.)</small><br></div><div class="battle-history">[The Subhuman Self's Poison Heal]<br><small>The Subhuman Self had its HP restored.</small><br></div><div class="spacer battle-history"><br></div><h2 class="battle-history">Turn 12</h2><div class="spacer battle-history"><br></div><div class="battle-history">The Subhuman Self used <strong>Protect</strong>!<br></div><div class="battle-history"><small>The Subhuman Self protected itself!</small><br></div><div class="spacer battle-history"><br></div><div class="battle-history">The opposing Coco Crisp used <strong>Close Combat</strong>!<br></div><div class="battle-history"><small>The Subhuman Self protected itself!</small><br></div><div class="spacer battle-history"><br></div><div class="battle-history"><small>(The snow is falling down.)</small><br></div><div class="battle-history">[The Subhuman Self's Poison Heal]<br><small>The Subhuman Self had its HP restored.</small><br></div><div class="spacer battle-history"><br></div><h2 class="battle-history">Turn 13</h2><div class="spacer battle-history"><br></div><div class="battle-history">The opposing Coco Crisp used <strong>Close Combat</strong>!<br></div><div class="battle-history"><small>It's not very effective...</small><br></div><div class="battle-history"><small>(The Subhuman Self lost <abbr title="−68/352">19.3%</abbr> of its health!)</small><br></div><div class="battle-history"><small>The opposing Coco Crisp's Defense fell!</small><br></div><div class="battle-history"><small>The opposing Coco Crisp's Sp. Def fell!</small><br></div><div class="spacer battle-history"><br></div><div class="battle-history">The Subhuman Self used <strong>U-turn</strong>!<br></div><div class="battle-history"><small>(The opposing Coco Crisp lost 27% of its health!)</small><br></div><div class="spacer battle-history"><br></div><div class="battle-history">The Subhuman Self went back to logmonster!<br></div><div class="battle-history">Go! Out of the Box (<strong>Pelipper</strong>)!<br></div><div class="battle-history">[Out of the Box's Drizzle]<br><small>It started to rain!</small><br></div><div class="spacer battle-history"><br></div><div class="battle-history"><small>(Rain continues to fall.)</small><br></div><div class="battle-history"><small>The twisted dimensions returned to normal!</small><br></div><div class="spacer battle-history"><br></div><h2 class="battle-history">Turn 14</h2><div class="spacer battle-history"><br></div><div class="battle-history">Out of the Box used <strong>Defog</strong>!<br></div><div class="battle-history"><small>The opposing Coco Crisp's evasiveness fell!</small><br></div><div class="battle-history"><small>The spikes disappeared from the ground around your team!</small><br></div><div class="spacer battle-history"><br></div><div class="battle-history">The opposing Coco Crisp used <strong>Close Combat</strong>!<br></div><div class="battle-history"><small>It's not very effective...</small><br></div><div class="battle-history"><small>(Out of the Box lost <abbr title="−87/315">27.6%</abbr> of its health!)</small><br></div><div class="battle-history"><small>The opposing Coco Crisp's Defense fell!</small><br></div><div class="battle-history"><small>The opposing Coco Crisp's Sp. Def fell!</small><br></div><div class="spacer battle-history"><br></div><div class="battle-history"><small>(Rain continues to fall.)</small><br></div><div class="spacer battle-history"><br></div><h2 class="battle-history">Turn 15</h2><div class="spacer battle-history"><br></div><div class="battle-history">Out of the Box used <strong>U-turn</strong>!<br></div><div class="battle-history"><small>(The opposing Coco Crisp lost 14% of its health!)</small><br></div><div class="spacer battle-history"><br></div><div class="battle-history">The opposing Coco Crisp fainted!<br></div><div class="spacer battle-history"><br></div><div class="battle-history">Out of the Box went back to logmonster!<br></div><div class="battle-history">Go! Symphony (<strong>Palafin-Hero</strong>)!<br></div><div class="battle-history">[Symphony's Zero to Hero]<br><small>Symphony underwent a heroic transformation!</small><br></div><div class="spacer battle-history"><br></div><div class="battle-history"><small>(Rain continues to fall.)</small><br></div><div class="spacer battle-history"><br></div><div class="battle-history">Shirmp sent out Elly de la Cruz (<strong>Tapu Koko</strong>)!<br></div><div class="battle-history">[The opposing Elly de la Cruz's Electric Surge]<br><small>An electric current ran across the battlefield!</small><br></div><div class="spacer battle-history"><br></div><h2 class="battle-history">Turn 16</h2><div class="spacer battle-history"><br></div><div class="battle-history">Symphony, come back!<br></div><div class="battle-history">Go! Storyteller (<strong>Ferrothorn</strong>)!<br></div><div class="spacer battle-history"><br></div><div class="battle-history">The opposing Elly de la Cruz used <strong>Dazzling Gleam</strong>!<br></div><div class="battle-history"><small>It's not very effective...</small><br></div><div class="battle-history"><small>(Storyteller lost <abbr title="−65/352">18.5%</abbr> of its health!)</small><br></div><div class="spacer battle-history"><br></div><div class="battle-history"><small>(Rain continues to fall.)</small><br></div><div class="battle-history"><small>Storyteller restored a little HP using its Leftovers!</small><br></div><div class="spacer battle-history"><br></div><h2 class="battle-history">Turn 17</h2><div class="spacer battle-history"><br></div><div class="battle-history">Shirmp withdrew Elly de la Cruz!<br></div><div class="battle-history">Shirmp sent out Randy Johnson (<strong>Slowking-Galar</strong>)!<br></div><div class="spacer battle-history"><br></div><div class="battle-history">Storyteller used <strong>Knock Off</strong>!<br></div><div class="battle-history"><small>It's super effective!</small><br></div><div class="battle-history"><small>(The opposing Randy Johnson ate its Colbur Berry!)</small><br></div><div class="battle-history"><small>The Colbur Berry weakened the damage to the opposing Randy Johnson!</small><br></div><div class="battle-history"><small>(The opposing Randy Johnson lost 17% of its health!)</small><br></div><div class="spacer battle-history"><br></div><div class="battle-history"><small>The rain stopped.</small><br></div><div class="battle-history"><small>Storyteller restored a little HP using its Leftovers!</small><br></div><div class="spacer battle-history"><br></div><h2 class="battle-history">Turn 18</h2><div class="spacer battle-history"><br></div><div class="battle-history">The opposing Randy Johnson used <strong>Future Sight</strong>!<br></div><div class="battle-history"><small>The opposing Randy Johnson foresaw an attack!</small><br></div><div class="spacer battle-history"><br></div><div class="battle-history">Storyteller used <strong>Spikes</strong>!<br></div><div class="battle-history"><small>Spikes were scattered on the ground all around the opposing team!</small><br></div><div class="spacer battle-history"><br></div><div class="battle-history"><small>Storyteller restored a little HP using its Leftovers!</small><br></div><div class="spacer battle-history"><br></div><h2 class="battle-history">Turn 19</h2><div class="spacer battle-history"><br></div><div class="battle-history"><small>The opposing Randy Johnson is preparing to tell a chillingly bad joke!</small><br></div><div class="battle-history">The opposing Randy Johnson used <strong>Chilly Reception</strong>!<br></div><div class="battle-history"><small>It started to snow!</small><br></div><div class="spacer battle-history"><br></div><div class="battle-history">Shirmp withdrew Randy Johnson!<br></div><div class="battle-history">Shirmp sent out Barry Bonds (<strong>Marowak-Alola</strong>)!<br></div><div class="battle-history"><small>The opposing Barry Bonds was hurt by the spikes!</small><br></div><div class="spacer battle-history"><br></div><div class="battle-history">Storyteller used <strong>Spikes</strong>!<br></div><div class="battle-history"><small>Spikes were scattered on the ground all around the opposing team!</small><br></div><div class="spacer battle-history"><br></div><div class="battle-history"><small>(The snow is falling down.)</small><br></div><div class="spacer battle-history"><br></div><h2 class="battle-history">Turn 20</h2><div class="spacer battle-history"><br></div><div class="battle-history">Storyteller, come back!<br></div><div class="battle-history">Go! Out of the Box (<strong>Pelipper</strong>)!<br></div><div class="battle-history">[Out of the Box's Drizzle]<br><small>It started to rain!</small><br></div><div class="spacer battle-history"><br></div><div class="battle-history">The opposing Barry Bonds used <strong>Substitute</strong>!<br></div><div class="battle-history"><small>The opposing Barry Bonds put in a substitute!</small><br></div><div class="battle-history"><small>(The opposing Barry Bonds lost 25% of its health!)</small><br></div><div class="spacer battle-history"><br></div><div class="battle-history"><small>(Rain continues to fall.)</small><br></div><div class="battle-history"><small>Out of the Box took the Future Sight attack!</small><br></div><div class="battle-history"><small>(Out of the Box lost <abbr title="−168/315">53.3%</abbr> of its health!)</small><br></div><div class="spacer battle-history"><br></div><div class="battle-history">Out of the Box fainted!<br></div><div class="battle-history"><small>The electricity disappeared from the battlefield.</small><br></div><div class="chat chatmessage-tonytoucannon"><strong style="color:#1288bf"><span class="username"><small class="groupsymbol"> </small>tony toucannon</span>:</strong> <em>letcook</em></div><div class="spacer battle-history"><br></div><div class="battle-history">Go! Symphony (<strong>Palafin-Hero</strong>)!<br></div><div class="spacer battle-history"><br></div><h2 class="battle-history">Turn 21</h2><div class="spacer battle-history"><br></div><div class="battle-history">Symphony used <strong>Flip Turn</strong>!<br></div><div class="battle-history"><small>It's super effective!</small><br></div><div class="battle-history"><small>The opposing Barry Bonds's substitute faded!</small><br></div><div class="chat chatmessage-logmonster mine"><strong style="color:#a36123"><span class="username"><small class="groupsymbol">☆</small>logmonster</span>:</strong> <em>!dt shadow bone</em></div><div class="chat"><ul class="utilichart"><li class="result"><span class="col movenamecol"><a href="https://dex.pokemonshowdown.com/moves/shadowbone" target="_blank" rel="noopener">Shadow Bone</a></span> <span class="col typecol"><img src="//play.pokemonshowdown.com/sprites/types/Ghost.png" alt="Ghost" width="32" height="14"><img src="//play.pokemonshowdown.com/sprites/categories/Physical.png" alt="Physical" width="32" height="14"></span> <span class="col labelcol"><em>Power</em><br>85</span> <span class="col widelabelcol"><em>Accuracy</em><br>100%</span> <span class="col pplabelcol"><em>PP</em><br>16</span> <span class="col movedesccol">20% chance to lower the target's Defense by 1.</span> </li><li style="clear: both"></li></ul></div><div class="chat"><font size="1"><font color="#686868">Priority:</font> 0&nbsp;|  <font color="#686868">Gen:</font> 7&nbsp;|  ✗ Past Gens Only&nbsp;|  ✓ Boosted by Sheer Force&nbsp;|  <font color="#686868">Z-Power:</font> 160&nbsp;|  <font color="#686868">Target:</font> One Adjacent Pokémon</font></div><div class="spacer battle-history"><br></div><div class="battle-history">Symphony went back to logmonster!<br></div><div class="battle-history">Go! The Subhuman Self (<strong>Gliscor</strong>)!<br></div><div class="spacer battle-history"><br></div><div class="battle-history">The opposing Barry Bonds used <strong>Poltergeist</strong>!<br></div><div class="battle-history"><small>The Subhuman Self is about to be attacked by its Toxic Orb!</small><br></div><div class="battle-history"><small>(The Subhuman Self lost <abbr title="−222/352">63.1%</abbr> of its health!)</small><br></div><div class="spacer battle-history"><br></div><div class="battle-history"><small>(Rain continues to fall.)</small><br></div><div class="battle-history">[The Subhuman Self's Poison Heal]<br><small>The Subhuman Self had its HP restored.</small><br></div><div class="spacer battle-history"><br></div><h2 class="battle-history">Turn 22</h2><div class="spacer battle-history"><br></div><div class="battle-history">The Subhuman Self used <strong>Earthquake</strong>!<br></div><div class="battle-history"><small>It's super effective!</small><br></div><div class="battle-history"><small>(The opposing Barry Bonds lost 63% of its health!)</small><br></div><div class="spacer battle-history"><br></div><div class="battle-history">The opposing Barry Bonds fainted!<br></div><div class="spacer battle-history"><br></div><div class="battle-history"><small>(Rain continues to fall.)</small><br></div><div class="battle-history">[The Subhuman Self's Poison Heal]<br><small>The Subhuman Self had its HP restored.</small><br></div><div class="spacer battle-history"><br></div><div class="battle-history">Shirmp sent out Elly de la Cruz (<strong>Tapu Koko</strong>)!<br></div><div class="battle-history"><small>The opposing Elly de la Cruz was hurt by the spikes!</small><br></div><div class="battle-history">[The opposing Elly de la Cruz's Electric Surge]<br><small>An electric current ran across the battlefield!</small><br></div><div class="spacer battle-history"><br></div><h2 class="battle-history">Turn 23</h2><div class="spacer battle-history"><br></div><div class="battle-history">The Subhuman Self used <strong>Protect</strong>!<br></div><div class="battle-history"><small>The Subhuman Self protected itself!</small><br></div><div class="spacer battle-history"><br></div><div class="battle-history">The opposing Elly de la Cruz used <strong>Dazzling Gleam</strong>!<br></div><div class="battle-history"><small>The Subhuman Self protected itself!</small><br></div><div class="spacer battle-history"><br></div><div class="battle-history"><small>(Rain continues to fall.)</small><br></div><div class="battle-history">[The Subhuman Self's Poison Heal]<br><small>The Subhuman Self had its HP restored.</small><br></div><div class="spacer battle-history"><br></div><h2 class="battle-history">Turn 24</h2><div class="spacer battle-history"><br></div><div class="battle-history">The Subhuman Self, come back!<br></div><div class="battle-history">Go! Storyteller (<strong>Ferrothorn</strong>)!<br></div><div class="spacer battle-history"><br></div><div class="battle-history">The opposing Elly de la Cruz used <strong>Dazzling Gleam</strong>!<br></div><div class="battle-history"><small>It's not very effective...</small><br></div><div class="battle-history"><small>(Storyteller lost <abbr title="−73/352">20.7%</abbr> of its health!)</small><br></div><div class="spacer battle-history"><br></div><div class="battle-history"><small>The rain stopped.</small><br></div><div class="battle-history"><small>Storyteller restored a little HP using its Leftovers!</small><br></div><div class="spacer battle-history"><br></div><h2 class="battle-history">Turn 25</h2><div class="spacer battle-history"><br></div><div class="battle-history">Shirmp withdrew Elly de la Cruz!<br></div><div class="battle-history">Shirmp sent out Randy Johnson (<strong>Slowking-Galar</strong>)!<br></div><div class="battle-history"><small>The opposing Randy Johnson was hurt by the spikes!</small><br></div><div class="spacer battle-history"><br></div><div class="battle-history">Storyteller used <strong>Leech Seed</strong>!<br></div><div class="battle-history"><small>The opposing Randy Johnson was seeded!</small><br></div><div class="spacer battle-history"><br></div><div class="battle-history"><small>Storyteller restored a little HP using its Leftovers!</small><br></div><div class="battle-history"><small>The opposing Randy Johnson's health is sapped by Leech Seed!</small><br></div><div class="spacer battle-history"><br></div><h2 class="battle-history">Turn 26</h2><div class="spacer battle-history"><br></div><div class="battle-history">The opposing Randy Johnson used <strong>Future Sight</strong>!<br></div><div class="battle-history"><small>The opposing Randy Johnson foresaw an attack!</small><br></div><div class="spacer battle-history"><br></div><div class="battle-history">Storyteller used <strong>Spikes</strong>!<br></div><div class="battle-history"><small>Spikes were scattered on the ground all around the opposing team!</small><br></div><div class="spacer battle-history"><br></div><div class="battle-history"><small>The opposing Randy Johnson's health is sapped by Leech Seed!</small><br></div><div class="spacer battle-history"><br></div><h2 class="battle-history">Turn 27</h2><div class="spacer battle-history"><br></div><div class="battle-history"><small>The opposing Randy Johnson is preparing to tell a chillingly bad joke!</small><br></div><div class="battle-history">The opposing Randy Johnson used <strong>Chilly Reception</strong>!<br></div><div class="battle-history"><small>It started to snow!</small><br></div><div class="spacer battle-history"><br></div><div class="battle-history">Shirmp withdrew Randy Johnson!<br></div><div class="battle-history">Shirmp sent out Elly de la Cruz (<strong>Tapu Koko</strong>)!<br></div><div class="battle-history"><small>The opposing Elly de la Cruz was hurt by the spikes!</small><br></div><div class="spacer battle-history"><br></div><div class="battle-history">Storyteller used <strong>Leech Seed</strong>!<br></div><div class="battle-history"><small>The opposing Elly de la Cruz was seeded!</small><br></div><div class="spacer battle-history"><br></div><div class="battle-history"><small>(The snow is falling down.)</small><br></div><div class="battle-history"><small>The opposing Elly de la Cruz's health is sapped by Leech Seed!</small><br></div><div class="battle-history"><small>The electricity disappeared from the battlefield.</small><br></div><div class="spacer battle-history"><br></div><h2 class="battle-history">Turn 28</h2><div class="spacer battle-history"><br></div><div class="battle-history">The opposing Elly de la Cruz used <strong>U-turn</strong>!<br></div><div class="battle-history"><small>(Storyteller lost <abbr title="−36/352">10.2%</abbr> of its health!)</small><br></div><div class="battle-history">[Storyteller's Iron Barbs]<br><small>The opposing Elly de la Cruz was hurt!</small><br></div><div class="spacer battle-history"><br></div><div class="battle-history">The opposing Elly de la Cruz went back to Shirmp!<br></div><div class="battle-history">Shirmp sent out Randy Johnson (<strong>Slowking-Galar</strong>)!<br></div><div class="battle-history"><small>The opposing Randy Johnson was hurt by the spikes!</small><br></div><div class="spacer battle-history"><br></div><div class="battle-history">Storyteller used <strong>Body Press</strong>!<br></div><div class="battle-history"><small>It's mostly ineffective...</small><br></div><div class="battle-history"><small>(The opposing Randy Johnson lost 7% of its health!)</small><br></div><div class="spacer battle-history"><br></div><div class="battle-history"><small>(The snow is falling down.)</small><br></div><div class="battle-history"><small>Storyteller took the Future Sight attack!</small><br></div><div class="battle-history"><small>It's not very effective...</small><br></div><div class="battle-history"><small>(Storyteller lost <abbr title="−62/352">17.6%</abbr> of its health!)</small><br></div><div class="battle-history"><small>Storyteller restored a little HP using its Leftovers!</small><br></div><div class="spacer battle-history"><br></div><h2 class="battle-history">Turn 29</h2><div class="spacer battle-history"><br></div><div class="battle-history">The opposing Randy Johnson used <strong>Future Sight</strong>!<br></div><div class="battle-history"><small>The opposing Randy Johnson foresaw an attack!</small><br></div><div class="spacer battle-history"><br></div><div class="battle-history">Storyteller used <strong>Leech Seed</strong>!<br></div><div class="battle-history"><small>The opposing Randy Johnson was seeded!</small><br></div><div class="spacer battle-history"><br></div><div class="battle-history"><small>(The snow is falling down.)</small><br></div><div class="battle-history"><small>Storyteller restored a little HP using its Leftovers!</small><br></div><div class="battle-history"><small>The opposing Randy Johnson's health is sapped by Leech Seed!</small><br></div><div class="spacer battle-history"><br></div><h2 class="battle-history">Turn 30</h2><div class="spacer battle-history"><br></div><div class="battle-history"><small>The opposing Randy Johnson is preparing to tell a chillingly bad joke!</small><br></div><div class="battle-history">The opposing Randy Johnson used <strong>Chilly Reception</strong>!<br></div><div class="spacer battle-history"><br></div><div class="battle-history">Shirmp withdrew Randy Johnson!<br></div><div class="battle-history">Shirmp sent out Elly de la Cruz (<strong>Tapu Koko</strong>)!<br></div><div class="battle-history"><small>The opposing Elly de la Cruz was hurt by the spikes!</small><br></div><div class="battle-history">[The opposing Elly de la Cruz's Electric Surge]<br><small>An electric current ran across the battlefield!</small><br></div><div class="spacer battle-history"><br></div><div class="battle-history">Storyteller used <strong>Knock Off</strong>!<br></div><div class="battle-history"><small>It's not very effective...</small><br></div><div class="battle-history"><small>(The opposing Elly de la Cruz lost 9% of its health!)</small><br></div><div class="battle-history"><small>Storyteller knocked off the opposing Elly de la Cruz's Choice Specs!</small><br></div><div class="spacer battle-history"><br></div><div class="battle-history">The opposing Elly de la Cruz fainted!<br></div><div class="spacer battle-history"><br></div><div class="battle-history"><small>(The snow is falling down.)</small><br></div><div class="battle-history"><small>Storyteller restored a little HP using its Leftovers!</small><br></div><div class="spacer battle-history"><br></div><div class="battle-history">Shirmp sent out Randy Johnson (<strong>Slowking-Galar</strong>)!<br></div><div class="battle-history"><small>The opposing Randy Johnson was hurt by the spikes!</small><br></div><div class="spacer battle-history"><br></div><h2 class="battle-history">Turn 31</h2><div class="spacer battle-history"><br></div><div class="battle-history">Storyteller used <strong>Leech Seed</strong>!<br></div><div class="battle-history"><small>The opposing Randy Johnson was seeded!</small><br></div><div class="spacer battle-history"><br></div><div class="battle-history">The opposing Randy Johnson used <strong>Trick Room</strong>!<br></div><div class="battle-history"><small>The opposing Randy Johnson twisted the dimensions!</small><br></div><div class="spacer battle-history"><br></div><div class="battle-history"><small>The snow stopped.</small><br></div><div class="battle-history"><small>Storyteller took the Future Sight attack!</small><br></div><div class="battle-history"><small>It's not very effective...</small><br></div><div class="battle-history"><small>(Storyteller lost <abbr title="−57/352">16.2%</abbr> of its health!)</small><br></div><div class="battle-history"><small>Storyteller restored a little HP using its Leftovers!</small><br></div><div class="battle-history"><small>The opposing Randy Johnson's health is sapped by Leech Seed!</small><br></div><div class="spacer battle-history"><br></div><h2 class="battle-history">Turn 32</h2><div class="spacer battle-history"><br></div><div class="battle-history">Storyteller used <strong>Knock Off</strong>!<br></div><div class="battle-history"><small>It's super effective!</small><br></div><div class="battle-history"><small>(The opposing Randy Johnson lost 24% of its health!)</small><br></div><div class="spacer battle-history"><br></div><div class="battle-history">The opposing Randy Johnson used <strong>Future Sight</strong>!<br></div><div class="battle-history"><small>The opposing Randy Johnson foresaw an attack!</small><br></div><div class="spacer battle-history"><br></div><div class="battle-history"><small>The opposing Randy Johnson's health is sapped by Leech Seed!</small><br></div><div class="spacer battle-history"><br></div><h2 class="battle-history">Turn 33</h2><div class="spacer battle-history"><br></div><div class="battle-history">Storyteller used <strong>Leech Seed</strong>!<br></div><div class="battle-history"><small>But it failed!</small><br></div><div class="spacer battle-history"><br></div><div class="battle-history">The opposing Randy Johnson used <strong>Sludge Wave</strong>!<br></div><div class="battle-history"><small>It doesn't affect Storyteller...</small><br></div><div class="spacer battle-history"><br></div><div class="battle-history"><small>The opposing Randy Johnson's health is sapped by Leech Seed!</small><br></div><div class="spacer battle-history"><br></div><div class="battle-history">The opposing Randy Johnson fainted!<br></div><div class="spacer battle-history"><br></div><div class="battle-history"><strong>logmonster</strong> won the battle!<br></div></div><div class="inner-preempt message-log"></div></div></div>
</div>
<script>
let daily = Math.floor(Date.now()/1000/60/60/24);document.write('<script src="https://play.pokemonshowdown.com/js/replay-embed.js?version'+daily+'"></'+'script>');
</script>
