<!DOCTYPE html>
<meta charset="utf-8" />
<!-- version 1 -->
<title>[Gen 9 Champions] Draft replay: tony toucannon vs. wisestream</title>
<style>
html,body {font-family:Verdana, sans-serif;font-size:10pt;margin:0;padding:0;}body{padding:12px 0;} .battle-log {font-family:Verdana, sans-serif;font-size:10pt;} .battle-log-inline {border:1px solid #AAAAAA;background:#EEF2F5;color:black;max-width:640px;margin:0 auto 80px;padding-bottom:5px;} .battle-log .inner {padding:4px 8px 0px 8px;} .battle-log .inner-preempt {padding:0 8px 4px 8px;} .battle-log .inner-after {margin-top:0.5em;} .battle-log h2 {margin:0.5em -8px;padding:4px 8px;border:1px solid #AAAAAA;background:#E0E7EA;border-left:0;border-right:0;font-family:Verdana, sans-serif;font-size:13pt;} .battle-log .chat {vertical-align:middle;padding:3px 0 3px 0;font-size:8pt;} .battle-log .chat strong {color:#40576A;} .battle-log .chat em {padding:1px 4px 1px 3px;color:#000000;font-style:normal;} .chat.mine {background:rgba(0,0,0,0.05);margin-left:-8px;margin-right:-8px;padding-left:8px;padding-right:8px;} .spoiler {color:#BBBBBB;background:#BBBBBB;padding:0px 3px;} .spoiler:hover, .spoiler:active, .spoiler-shown {color:#000000;background:#E2E2E2;padding:0px 3px;} .spoiler a {color:#BBBBBB;} .spoiler:hover a, .spoiler:active a, .spoiler-shown a {color:#2288CC;} .chat code, .chat .spoiler:hover code, .chat .spoiler:active code, .chat .spoiler-shown code {border:1px solid #C0C0C0;background:#EEEEEE;color:black;padding:0 2px;} .chat .spoiler code {border:1px solid #CCCCCC;background:#CCCCCC;color:#CCCCCC;} .battle-log .rated {padding:3px 4px;} .battle-log .rated strong {color:white;background:#89A;padding:1px 4px;border-radius:4px;} .spacer {margin-top:0.5em;} .message-announce {background:#6688AA;color:white;padding:1px 4px 2px;} .message-announce a, .broadcast-green a, .broadcast-blue a, .broadcast-red a {color:#DDEEFF;} .broadcast-green {background-color:#559955;color:white;padding:2px 4px;} .broadcast-blue {background-color:#6688AA;color:white;padding:2px 4px;} .infobox {border:1px solid #6688AA;padding:2px 4px;} .infobox-limited {max-height:200px;overflow:auto;overflow-x:hidden;} .broadcast-red {background-color:#AA5544;color:white;padding:2px 4px;} .message-learn-canlearn {font-weight:bold;color:#228822;text-decoration:underline;} .message-learn-cannotlearn {font-weight:bold;color:#CC2222;text-decoration:underline;} .message-effect-weak {font-weight:bold;color:#CC2222;} .message-effect-resist {font-weight:bold;color:#6688AA;} .message-effect-immune {font-weight:bold;color:#666666;} .message-learn-list {margin-top:0;margin-bottom:0;} .message-throttle-notice, .message-error {color:#992222;} .message-overflow, .chat small.message-overflow {font-size:0pt;} .message-overflow::before {font-size:9pt;content:'...';} .subtle {color:#3A4A66;}
</style>
<div class="wrapper replay-wrapper" style="max-width:1180px;margin:0 auto">
<input type="hidden" name="replayid" value="unregisteredserver-gen9championsdraft-69" />
<div class="battle"></div><div class="battle-log"></div><div class="replay-controls"></div><div class="replay-controls-2"></div>
<h1 style="font-weight:normal;text-align:center"><strong>[Gen 9 Champions] Draft</strong><br /><a href="http://pokemonshowdown.com/users/tonytoucannon" class="subtle" target="_blank">tony toucannon</a> vs. <a href="http://pokemonshowdown.com/users/wisestream" class="subtle" target="_blank">wisestream</a></h1>
<script type="text/plain" class="battle-log-data">|j|☆tony toucannon
|j|☆wisestream

|t:|1780619471
|gametype|singles
|player|p1|tony toucannon|veteran|
|player|p2|wisestream|wallace|
|gen|9
|tier|[Gen 9 Champions] Draft
|rule|Endless Battle Clause: Forcing endless battles is banned
|rule|Species Clause: Limit one of each Pokémon
|rule|Sleep Clause Mod: Limit one foe put to sleep
|rule|OHKO Clause: OHKO moves are banned
|rule|Evasion Clause: Evasion abilities, items, and moves are banned
|rule|Evasion Abilities Clause: Evasion abilities are banned
|rule|Evasion Items Clause: Evasion items are banned
|rule|Evasion Moves Clause: Evasion moves are banned
|clearpoke
|poke|p1|Heracross, F|
|poke|p1|Enamorus, F|
|poke|p1|Kingambit, F|
|poke|p1|Heatran, M|
|poke|p1|Latios, M|
|poke|p1|Araquanid, F|
|poke|p2|Iron Jugulis|
|poke|p2|Garchomp, F|
|poke|p2|Scolipede, M|
|poke|p2|Deoxys-Defense|
|poke|p2|Silvally-Fighting|
|poke|p2|Froslass, F|
|teampreview
|c|☆wisestream|glhf
|c|☆tony toucannon|glhf
|c|☆tony toucannon|no alo...
|
|t:|1780619536
|teamsize|p1|6
|teamsize|p2|6
|start
|switch|p1a: Araquanid|Araquanid, F|100\/100
|switch|p2a: Iron Jugulis|Iron Jugulis|333\/333
|turn|1
|j| Shirmp
|
|t:|1780619544
|move|p2a: Iron Jugulis|Taunt|p1a: Araquanid
|-start|p1a: Araquanid|move: Taunt
|cant|p1a: Araquanid|move: Taunt|Sticky Web
|
|upkeep
|turn|2
|
|t:|1780619553
|switch|p1a: Enamorus|Enamorus, F|100\/100
|move|p2a: Iron Jugulis|Hurricane|p1a: Enamorus
|-damage|p1a: Enamorus|29\/100
|-start|p1a: Enamorus|confusion
|
|upkeep
|turn|3
|c| Shirmp|NOOOOOOO POOR ARAQUINID
|
|t:|1780619578
|-end|p2a: Iron Jugulis|Quark Drive|[silent]
|switch|p2a: Deoxys|Deoxys-Defense|303\/303
|-ability|p2a: Deoxys|Pressure
|-activate|p1a: Enamorus|confusion
|move|p1a: Enamorus|Moonblast|p2a: Deoxys
|-damage|p2a: Deoxys|174\/303
|
|-heal|p2a: Deoxys|192\/303|[from] item: Leftovers
|upkeep
|turn|4
|
|t:|1780619607
|switch|p1a: Araquanid|Araquanid, F|100\/100
|move|p2a: Deoxys|Recover|p2a: Deoxys
|-heal|p2a: Deoxys|303\/303
|
|upkeep
|turn|5
|j| frezemn
|
|t:|1780619616
|move|p2a: Deoxys|Toxic|p1a: Araquanid
|-status|p1a: Araquanid|tox
|move|p1a: Araquanid|Sticky Web|p2a: Deoxys
|-sidestart|p2: wisestream|move: Sticky Web
|
|-damage|p1a: Araquanid|94\/100 tox|[from] psn
|upkeep
|turn|6
|
|t:|1780619641
|switch|p2a: Iron Jugulis|Iron Jugulis|333\/333
|move|p1a: Araquanid|Scald|p2a: Iron Jugulis
|-damage|p2a: Iron Jugulis|264\/333
|
|-heal|p1a: Araquanid|100\/100 tox|[from] item: Leftovers
|-damage|p1a: Araquanid|88\/100 tox|[from] psn
|upkeep
|turn|7
|j| FletchHead
|
|t:|1780619661
|move|p2a: Iron Jugulis|Hurricane|p1a: Araquanid
|-supereffective|p1a: Araquanid|1
|-damage|p1a: Araquanid|5\/100 tox
|move|p1a: Araquanid|Toxic|p2a: Iron Jugulis
|-status|p2a: Iron Jugulis|tox
|
|-heal|p1a: Araquanid|11\/100 tox|[from] item: Leftovers
|-damage|p2a: Iron Jugulis|244\/333 tox|[from] psn
|-damage|p1a: Araquanid|0 fnt|[from] psn
|faint|p1a: Araquanid
|upkeep
|c|☆tony toucannon|o7
|c| Shirmp|I saw myself in Tony's Araquanid :<
|
|t:|1780619691
|switch|p1a: Enamorus|Enamorus, F|29\/100
|turn|8
|c| Shirmp|Mayshe rest in peace
|
|t:|1780619728
|move|p2a: Iron Jugulis|Meteor Beam||[still]
|-prepare|p2a: Iron Jugulis|Meteor Beam
|-boost|p2a: Iron Jugulis|spa|1
|-enditem|p2a: Iron Jugulis|Power Herb
|-anim|p2a: Iron Jugulis|Meteor Beam|p1a: Enamorus
|-supereffective|p1a: Enamorus|1
|-damage|p1a: Enamorus|0 fnt
|faint|p1a: Enamorus
|
|-damage|p2a: Iron Jugulis|204\/333 tox|[from] psn
|upkeep
|
|t:|1780619740
|switch|p1a: Heatran|Heatran, M|100\/100
|turn|9
|
|t:|1780619744
|move|p2a: Iron Jugulis|Dark Pulse|p1a: Heatran
|-damage|p1a: Heatran|58\/100
|-enditem|p1a: Heatran|Red Card|[of] p2a: Iron Jugulis
|-end|p2a: Iron Jugulis|Quark Drive|[silent]
|drag|p2a: Scolipede|Scolipede, M|261\/261
|-activate|p2a: Scolipede|move: Sticky Web
|-unboost|p2a: Scolipede|spe|1
|cant|p1a: Heatran|flinch
|
|upkeep
|turn|10
|c|☆wisestream|sorry abt that
|
|t:|1780619793
|switch|p2a: Deoxys|Deoxys-Defense|303\/303
|-activate|p2a: Deoxys|move: Sticky Web
|-unboost|p2a: Deoxys|spe|1
|-ability|p2a: Deoxys|Pressure
|move|p1a: Heatran|Lava Plume|p2a: Deoxys
|-damage|p2a: Deoxys|239\/303
|
|-heal|p2a: Deoxys|257\/303|[from] item: Leftovers
|upkeep
|turn|11
|inactive|Battle timer is ON: inactive players will automatically lose when time's up. (requested by wisestream)
|inactive|Time left: 300 sec this turn | 300 sec total | 60 sec grace
|inactiveoff|Battle timer is now OFF.
|c|☆wisestream|sorry misclick
|c|☆wisestream|ment to click my 4th slot
|
|t:|1780619815
|move|p1a: Heatran|Stealth Rock|p2a: Deoxys
|-sidestart|p2: wisestream|move: Stealth Rock
|move|p2a: Deoxys|Stomping Tantrum|p1a: Heatran
|-supereffective|p1a: Heatran|2
|-damage|p1a: Heatran|19\/100
|
|-heal|p2a: Deoxys|275\/303|[from] item: Leftovers
|upkeep
|turn|12
|
|t:|1780619825
|switch|p2a: Silvally|Silvally-Fighting|394\/394
|-activate|p2a: Silvally|move: Sticky Web
|-unboost|p2a: Silvally|spe|1
|-damage|p2a: Silvally|370\/394|[from] Stealth Rock
|move|p1a: Heatran|Toxic|p2a: Silvally
|-status|p2a: Silvally|tox
|
|-damage|p2a: Silvally|346\/394 tox|[from] psn
|upkeep
|turn|13
|
|t:|1780619829
|switch|p1a: Kingambit|Kingambit, F|100\/100
|move|p2a: Silvally|Defog|p1a: Kingambit
|-unboost|p1a: Kingambit|evasion|1
|-ability|p1a: Kingambit|Defiant|boost
|-boost|p1a: Kingambit|atk|2
|-sideend|p2: wisestream|Stealth Rock|[from] move: Defog|[of] p2a: Silvally
|-sideend|p2: wisestream|Sticky Web|[from] move: Defog|[of] p2a: Silvally
|
|-damage|p2a: Silvally|298\/394 tox|[from] psn
|upkeep
|turn|14
|
|t:|1780619850
|move|p1a: Kingambit|Sucker Punch|p2a: Silvally
|-resisted|p2a: Silvally|1
|-damage|p2a: Silvally|163\/394 tox
|move|p2a: Silvally|Multi-Attack|p1a: Kingambit
|-supereffective|p1a: Kingambit|2
|-crit|p1a: Kingambit
|-damage|p1a: Kingambit|0 fnt
|faint|p1a: Kingambit
|
|-damage|p2a: Silvally|91\/394 tox|[from] psn
|upkeep
|
|t:|1780619855
|switch|p1a: Latios|Latios, M|100\/100
|turn|15
|
|t:|1780619858
|move|p1a: Latios|Calm Mind|p1a: Latios
|-boost|p1a: Latios|spa|1
|-boost|p1a: Latios|spd|1
|move|p2a: Silvally|U-turn|p1a: Latios
|-supereffective|p1a: Latios|1
|-damage|p1a: Latios|63\/100
|
|t:|1780619870
|switch|p2a: Scolipede|Scolipede, M|261\/261|[from] U-turn
|
|upkeep
|turn|16
|
|t:|1780619880
|move|p2a: Scolipede|X-Scissor|p1a: Latios
|-supereffective|p1a: Latios|1
|-damage|p1a: Latios|0 fnt
|faint|p1a: Latios
|
|-ability|p2a: Scolipede|Speed Boost|boost
|-boost|p2a: Scolipede|spe|1
|upkeep
|
|t:|1780619889
|switch|p1a: Heatran|Heatran, M|19\/100
|turn|17
|
|t:|1780619892
|move|p2a: Scolipede|Earthquake|p1a: Heatran
|-supereffective|p1a: Heatran|2
|-damage|p1a: Heatran|0 fnt
|faint|p1a: Heatran
|
|-ability|p2a: Scolipede|Speed Boost|boost
|-boost|p2a: Scolipede|spe|1
|upkeep
|
|t:|1780619894
|switch|p1a: Heracross|Heracross, F|100\/100
|turn|18
|
|t:|1780619897
|detailschange|p1a: Heracross|Heracross-Mega, F
|-mega|p1a: Heracross|Heracross|Heracronite
|move|p2a: Scolipede|Poison Jab|p1a: Heracross
|-damage|p1a: Heracross|62\/100
|move|p1a: Heracross|Rock Blast|p2a: Scolipede
|-supereffective|p2a: Scolipede|1
|-crit|p2a: Scolipede
|-damage|p2a: Scolipede|127\/261
|-supereffective|p2a: Scolipede|1
|-damage|p2a: Scolipede|37\/261
|-supereffective|p2a: Scolipede|1
|-damage|p2a: Scolipede|0 fnt
|faint|p2a: Scolipede
|-hitcount|p2: Scolipede|3
|
|upkeep
|c| Shirmp|I love you thug bug
|l| Shirmp
|
|t:|1780619934
|switch|p2a: Iron Jugulis|Iron Jugulis|204\/333 tox
|turn|19
|
|t:|1780619937
|move|p2a: Iron Jugulis|Hurricane|p1a: Heracross
|-supereffective|p1a: Heracross|2
|-damage|p1a: Heracross|0 fnt
|faint|p1a: Heracross
|
|win|wisestream
|c|☆wisestream|gg
|c|☆tony toucannon|gg
|j| Shirmp</script>
</div>
<div class="battle-log battle-log-inline"><div class="inner"><div class="battle-options"><div style="padding-top: 3px; padding-right: 3px; text-align: right"><button class="icon button" name="openBattleOptions" title="Options">Battle Options</button></div></div><div class="inner message-log"><div class="chat"><small>☆tony toucannon and ☆wisestream joined</small></div><div class=""><small>Format:</small> <br><strong>[Gen 9 Champions] Draft</strong></div><div class=""><small><em>Endless Battle Clause:</em> Forcing endless battles is banned</small></div><div class=""><small><em>Species Clause:</em> Limit one of each Pokémon</small></div><div class=""><small><em>Sleep Clause Mod:</em> Limit one foe put to sleep</small></div><div class=""><small><em>OHKO Clause:</em> OHKO moves are banned</small></div><div class=""><small><em>Evasion Clause:</em> Evasion abilities, items, and moves are banned</small></div><div class=""><small><em>Evasion Abilities Clause:</em> Evasion abilities are banned</small></div><div class=""><small><em>Evasion Items Clause:</em> Evasion items are banned</small></div><div class=""><small><em>Evasion Moves Clause:</em> Evasion moves are banned</small></div><div class="chat battle-history"><strong>tony toucannon's team:</strong> <em style="color:#445566;display:block;">Heracross / Enamorus / Kingambit / Heatran / Latios / Araquanid</em></div><div class="chat battle-history"><strong>wisestream's team:</strong> <em style="color:#445566;display:block;">Iron Jugulis / Garchomp / Scolipede / Deoxys-Defense / Silvally-Fighting / Froslass</em></div><div class="chat chatmessage-wisestream mine"><strong style="color:#5b78ba"><span class="username"><small class="groupsymbol">☆</small>wisestream</span>:</strong> <em>glhf</em></div><div class="chat chatmessage-tonytoucannon"><strong style="color:#1288bf"><span class="username"><small class="groupsymbol">☆</small>tony toucannon</span>:</strong> <em>glhf</em></div><div class="chat chatmessage-tonytoucannon"><strong style="color:#1288bf"><span class="username"><small class="groupsymbol">☆</small>tony toucannon</span>:</strong> <em>no alo...</em></div><div class="spacer battle-history"><br></div><div class="battle-history">Battle started between tony toucannon and wisestream!<br></div><div class="spacer battle-history"><br></div><div class="battle-history">tony toucannon sent out <strong>Araquanid</strong>!<br></div><div class="spacer battle-history"><br></div><div class="battle-history">Go! <strong>Iron Jugulis</strong>!<br></div><div class="spacer battle-history"><br></div><h2 class="battle-history">Turn 1</h2><div class="chat"><small> Shirmp joined</small></div><div class="spacer battle-history"><br></div><div class="battle-history">Iron Jugulis used <strong>Taunt</strong>!<br></div><div class="battle-history"><small>The opposing Araquanid fell for the taunt!</small><br></div><div class="spacer battle-history"><br></div><div class="battle-history">The opposing Araquanid can't use Sticky Web after the taunt!<br></div><div class="spacer battle-history"><br></div><h2 class="battle-history">Turn 2</h2><div class="spacer battle-history"><br></div><div class="battle-history">tony toucannon withdrew Araquanid!<br></div><div class="battle-history">tony toucannon sent out <strong>Enamorus</strong>!<br></div><div class="spacer battle-history"><br></div><div class="battle-history">Iron Jugulis used <strong>Hurricane</strong>!<br></div><div class="battle-history"><small>(The opposing Enamorus lost 71% of its health!)</small><br></div><div class="battle-history"><small>The opposing Enamorus became confused!</small><br></div><div class="spacer battle-history"><br></div><h2 class="battle-history">Turn 3</h2><div class="chat chatmessage-shirmp"><strong style="color:#8d9c3a"><span class="username"><small class="groupsymbol"> </small>Shirmp</span>:</strong> <em>NOOOOOOO POOR ARAQUINID</em></div><div class="spacer battle-history"><br></div><div class="battle-history">Iron Jugulis, come back!<br></div><div class="battle-history">Go! Deoxys (<strong>Deoxys-Defense</strong>)!<br></div><div class="battle-history">[Deoxys's Pressure]<br><small>Deoxys is exerting its pressure!</small><br></div><div class="spacer battle-history"><br></div><div class="battle-history"><small>The opposing Enamorus is confused!</small><br></div><div class="battle-history">The opposing Enamorus used <strong>Moonblast</strong>!<br></div><div class="battle-history"><small>(Deoxys lost <abbr title="−129/303">42.6%</abbr> of its health!)</small><br></div><div class="spacer battle-history"><br></div><div class="battle-history"><small>Deoxys restored a little HP using its Leftovers!</small><br></div><div class="spacer battle-history"><br></div><h2 class="battle-history">Turn 4</h2><div class="spacer battle-history"><br></div><div class="battle-history">tony toucannon withdrew Enamorus!<br></div><div class="battle-history">tony toucannon sent out <strong>Araquanid</strong>!<br></div><div class="spacer battle-history"><br></div><div class="battle-history">Deoxys used <strong>Recover</strong>!<br></div><div class="battle-history"><small>Deoxys had its HP restored.</small><br></div><div class="spacer battle-history"><br></div><h2 class="battle-history">Turn 5</h2><div class="chat"><small> frezemn joined</small></div><div class="spacer battle-history"><br></div><div class="battle-history">Deoxys used <strong>Toxic</strong>!<br></div><div class="battle-history"><small>The opposing Araquanid was badly poisoned!</small><br></div><div class="spacer battle-history"><br></div><div class="battle-history">The opposing Araquanid used <strong>Sticky Web</strong>!<br></div><div class="battle-history"><small>A sticky web has been laid out on the ground around your team!</small><br></div><div class="spacer battle-history"><br></div><div class="battle-history"><small>The opposing Araquanid was hurt by poison!</small><br></div><div class="spacer battle-history"><br></div><h2 class="battle-history">Turn 6</h2><div class="spacer battle-history"><br></div><div class="battle-history">Deoxys, come back!<br></div><div class="battle-history">Go! <strong>Iron Jugulis</strong>!<br></div><div class="spacer battle-history"><br></div><div class="battle-history">The opposing Araquanid used <strong>Scald</strong>!<br></div><div class="battle-history"><small>(Iron Jugulis lost <abbr title="−69/333">20.7%</abbr> of its health!)</small><br></div><div class="spacer battle-history"><br></div><div class="battle-history"><small>The opposing Araquanid restored a little HP using its Leftovers!</small><br></div><div class="battle-history"><small>The opposing Araquanid was hurt by poison!</small><br></div><div class="spacer battle-history"><br></div><h2 class="battle-history">Turn 7</h2><div class="chat"><small> FletchHead joined</small></div><div class="spacer battle-history"><br></div><div class="battle-history">Iron Jugulis used <strong>Hurricane</strong>!<br></div><div class="battle-history"><small>It's super effective!</small><br></div><div class="battle-history"><small>(The opposing Araquanid lost 83% of its health!)</small><br></div><div class="spacer battle-history"><br></div><div class="battle-history">The opposing Araquanid used <strong>Toxic</strong>!<br></div><div class="battle-history"><small>Iron Jugulis was badly poisoned!</small><br></div><div class="spacer battle-history"><br></div><div class="battle-history"><small>The opposing Araquanid restored a little HP using its Leftovers!</small><br></div><div class="battle-history"><small>Iron Jugulis was hurt by poison!</small><br></div><div class="battle-history"><small>The opposing Araquanid was hurt by poison!</small><br></div><div class="spacer battle-history"><br></div><div class="battle-history">The opposing Araquanid fainted!<br></div><div class="chat chatmessage-tonytoucannon"><strong style="color:#1288bf"><span class="username"><small class="groupsymbol">☆</small>tony toucannon</span>:</strong> <em>o7</em></div><div class="chat chatmessage-shirmp"><strong style="color:#8d9c3a"><span class="username"><small class="groupsymbol"> </small>Shirmp</span>:</strong> <em>I saw myself in Tony's Araquanid :&lt;</em></div><div class="spacer battle-history"><br></div><div class="battle-history">tony toucannon sent out <strong>Enamorus</strong>!<br></div><div class="spacer battle-history"><br></div><h2 class="battle-history">Turn 8</h2><div class="chat chatmessage-shirmp"><strong style="color:#8d9c3a"><span class="username"><small class="groupsymbol"> </small>Shirmp</span>:</strong> <em>Mayshe rest in peace</em></div><div class="spacer battle-history"><br></div><div class="battle-history">Iron Jugulis used <strong>Meteor Beam</strong>!<br></div><div class="battle-history">Iron Jugulis is overflowing with space power!<br></div><div class="battle-history"><small>Iron Jugulis's Sp. Atk rose!</small><br></div><div class="battle-history"><small>Iron Jugulis became fully charged due to its Power Herb!</small><br></div><div class="battle-history"><small>It's super effective!</small><br></div><div class="battle-history"><small>(The opposing Enamorus lost 29% of its health!)</small><br></div><div class="spacer battle-history"><br></div><div class="battle-history">The opposing Enamorus fainted!<br></div><div class="spacer battle-history"><br></div><div class="battle-history"><small>Iron Jugulis was hurt by poison!</small><br></div><div class="spacer battle-history"><br></div><div class="battle-history">tony toucannon sent out <strong>Heatran</strong>!<br></div><div class="spacer battle-history"><br></div><h2 class="battle-history">Turn 9</h2><div class="spacer battle-history"><br></div><div class="battle-history">Iron Jugulis used <strong>Dark Pulse</strong>!<br></div><div class="battle-history"><small>(The opposing Heatran lost 42% of its health!)</small><br></div><div class="battle-history"><small>The opposing Heatran held up its Red Card against Iron Jugulis!</small><br></div><div class="spacer battle-history"><br></div><div class="battle-history"><strong>Scolipede</strong> was dragged out!<br></div><div class="battle-history"><small>Scolipede was caught in a sticky web!</small><br></div><div class="battle-history"><small>Scolipede's Speed fell!</small><br></div><div class="spacer battle-history"><br></div><div class="battle-history">The opposing Heatran flinched and couldn't move!<br></div><div class="spacer battle-history"><br></div><h2 class="battle-history">Turn 10</h2><div class="chat chatmessage-wisestream mine"><strong style="color:#5b78ba"><span class="username"><small class="groupsymbol">☆</small>wisestream</span>:</strong> <em>sorry abt that</em></div><div class="spacer battle-history"><br></div><div class="battle-history">Scolipede, come back!<br></div><div class="battle-history">Go! Deoxys (<strong>Deoxys-Defense</strong>)!<br></div><div class="battle-history"><small>Deoxys was caught in a sticky web!</small><br></div><div class="battle-history"><small>Deoxys's Speed fell!</small><br></div><div class="battle-history">[Deoxys's Pressure]<br><small>Deoxys is exerting its pressure!</small><br></div><div class="spacer battle-history"><br></div><div class="battle-history">The opposing Heatran used <strong>Lava Plume</strong>!<br></div><div class="battle-history"><small>(Deoxys lost <abbr title="−64/303">21.1%</abbr> of its health!)</small><br></div><div class="spacer battle-history"><br></div><div class="battle-history"><small>Deoxys restored a little HP using its Leftovers!</small><br></div><div class="spacer battle-history"><br></div><h2 class="battle-history">Turn 11</h2><div class="chat message-error">Battle timer is ON: inactive players will automatically lose when time's up. (requested by wisestream)</div><div class="chat message-error">Battle timer is now OFF.</div><div class="chat chatmessage-wisestream mine"><strong style="color:#5b78ba"><span class="username"><small class="groupsymbol">☆</small>wisestream</span>:</strong> <em>sorry misclick</em></div><div class="chat chatmessage-wisestream mine"><strong style="color:#5b78ba"><span class="username"><small class="groupsymbol">☆</small>wisestream</span>:</strong> <em>ment to click my 4th slot</em></div><div class="spacer battle-history"><br></div><div class="battle-history">The opposing Heatran used <strong>Stealth Rock</strong>!<br></div><div class="battle-history"><small>Pointed stones float in the air around your team!</small><br></div><div class="spacer battle-history"><br></div><div class="battle-history">Deoxys used <strong>Stomping Tantrum</strong>!<br></div><div class="battle-history"><small>It's extremely effective!</small><br></div><div class="battle-history"><small>(The opposing Heatran lost 39% of its health!)</small><br></div><div class="spacer battle-history"><br></div><div class="battle-history"><small>Deoxys restored a little HP using its Leftovers!</small><br></div><div class="spacer battle-history"><br></div><h2 class="battle-history">Turn 12</h2><div class="spacer battle-history"><br></div><div class="battle-history">Deoxys, come back!<br></div><div class="battle-history">Go! Silvally (<strong>Silvally-Fighting</strong>)!<br></div><div class="battle-history"><small>Silvally was caught in a sticky web!</small><br></div><div class="battle-history"><small>Silvally's Speed fell!</small><br></div><div class="battle-history"><small>Pointed stones dug into Silvally!</small><br></div><div class="spacer battle-history"><br></div><div class="battle-history">The opposing Heatran used <strong>Toxic</strong>!<br></div><div class="battle-history"><small>Silvally was badly poisoned!</small><br></div><div class="spacer battle-history"><br></div><div class="battle-history"><small>Silvally was hurt by poison!</small><br></div><div class="spacer battle-history"><br></div><h2 class="battle-history">Turn 13</h2><div class="spacer battle-history"><br></div><div class="battle-history">tony toucannon withdrew Heatran!<br></div><div class="battle-history">tony toucannon sent out <strong>Kingambit</strong>!<br></div><div class="spacer battle-history"><br></div><div class="battle-history">Silvally used <strong>Defog</strong>!<br></div><div class="battle-history"><small>The opposing Kingambit's evasiveness fell!</small><br></div><div class="battle-history">[The opposing Kingambit's Defiant]<br></div><div class="battle-history"><small>The opposing Kingambit's Attack rose sharply!</small><br></div><div class="battle-history"><small>The pointed stones disappeared from around your team!</small><br></div><div class="battle-history"><small>The sticky web has disappeared from the ground around your team!</small><br></div><div class="spacer battle-history"><br></div><div class="battle-history"><small>Silvally was hurt by poison!</small><br></div><div class="spacer battle-history"><br></div><h2 class="battle-history">Turn 14</h2><div class="spacer battle-history"><br></div><div class="battle-history">The opposing Kingambit used <strong>Sucker Punch</strong>!<br></div><div class="battle-history"><small>It's not very effective...</small><br></div><div class="battle-history"><small>(Silvally lost <abbr title="−135/394">34.3%</abbr> of its health!)</small><br></div><div class="spacer battle-history"><br></div><div class="battle-history">Silvally used <strong>Multi-Attack</strong>!<br></div><div class="battle-history"><small>It's extremely effective!</small><br></div><div class="battle-history"><small>A critical hit!</small><br></div><div class="battle-history"><small>(The opposing Kingambit lost 100% of its health!)</small><br></div><div class="spacer battle-history"><br></div><div class="battle-history">The opposing Kingambit fainted!<br></div><div class="spacer battle-history"><br></div><div class="battle-history"><small>Silvally was hurt by poison!</small><br></div><div class="spacer battle-history"><br></div><div class="battle-history">tony toucannon sent out <strong>Latios</strong>!<br></div><div class="spacer battle-history"><br></div><h2 class="battle-history">Turn 15</h2><div class="spacer battle-history"><br></div><div class="battle-history">The opposing Latios used <strong>Calm Mind</strong>!<br></div><div class="battle-history"><small>The opposing Latios's Sp. Atk rose!</small><br></div><div class="battle-history"><small>The opposing Latios's Sp. Def rose!</small><br></div><div class="spacer battle-history"><br></div><div class="battle-history">Silvally used <strong>U-turn</strong>!<br></div><div class="battle-history"><small>It's super effective!</small><br></div><div class="battle-history"><small>(The opposing Latios lost 37% of its health!)</small><br></div><div class="spacer battle-history"><br></div><div class="battle-history">Silvally went back to wisestream!<br></div><div class="battle-history">Go! <strong>Scolipede</strong>!<br></div><div class="spacer battle-history"><br></div><h2 class="battle-history">Turn 16</h2><div class="spacer battle-history"><br></div><div class="battle-history">Scolipede used <strong>X-Scissor</strong>!<br></div><div class="battle-history"><small>It's super effective!</small><br></div><div class="battle-history"><small>(The opposing Latios lost 63% of its health!)</small><br></div><div class="spacer battle-history"><br></div><div class="battle-history">The opposing Latios fainted!<br></div><div class="spacer battle-history"><br></div><div class="battle-history">[Scolipede's Speed Boost]<br></div><div class="battle-history"><small>Scolipede's Speed rose!</small><br></div><div class="spacer battle-history"><br></div><div class="battle-history">tony toucannon sent out <strong>Heatran</strong>!<br></div><div class="spacer battle-history"><br></div><h2 class="battle-history">Turn 17</h2><div class="spacer battle-history"><br></div><div class="battle-history">Scolipede used <strong>Earthquake</strong>!<br></div><div class="battle-history"><small>It's extremely effective!</small><br></div><div class="battle-history"><small>(The opposing Heatran lost 19% of its health!)</small><br></div><div class="spacer battle-history"><br></div><div class="battle-history">The opposing Heatran fainted!<br></div><div class="spacer battle-history"><br></div><div class="battle-history">[Scolipede's Speed Boost]<br></div><div class="battle-history"><small>Scolipede's Speed rose!</small><br></div><div class="spacer battle-history"><br></div><div class="battle-history">tony toucannon sent out <strong>Heracross</strong>!<br></div><div class="spacer battle-history"><br></div><h2 class="battle-history">Turn 18</h2><div class="spacer battle-history"><br></div><div class="battle-history"><small>The opposing Heracross's Heracronite is reacting to the Key Stone!</small><br>The opposing Heracross has Mega Evolved into Mega Heracross!<br></div><div class="spacer battle-history"><br></div><div class="battle-history">Scolipede used <strong>Poison Jab</strong>!<br></div><div class="battle-history"><small>(The opposing Heracross lost 38% of its health!)</small><br></div><div class="spacer battle-history"><br></div><div class="battle-history">The opposing Heracross used <strong>Rock Blast</strong>!<br></div><div class="battle-history"><small>It's super effective!</small><br></div><div class="battle-history"><small>A critical hit!</small><br></div><div class="battle-history"><small>(Scolipede lost <abbr title="−134/261">51.3%</abbr> of its health!)</small><br></div><div class="battle-history"><small>It's super effective!</small><br></div><div class="battle-history"><small>(Scolipede lost <abbr title="−90/261">34.5%</abbr> of its health!)</small><br></div><div class="battle-history"><small>It's super effective!</small><br></div><div class="battle-history"><small>(Scolipede lost <abbr title="−37/261">14.2%</abbr> of its health!)</small><br></div><div class="spacer battle-history"><br></div><div class="battle-history">Scolipede fainted!<br></div><div class="battle-history"><small>The Pokémon was hit 3 times!</small><br></div><div class="chat chatmessage-shirmp"><strong style="color:#8d9c3a"><span class="username"><small class="groupsymbol"> </small>Shirmp</span>:</strong> <em>I love you thug bug</em></div><div class="chat"><small> Shirmp left</small></div><div class="spacer battle-history"><br></div><div class="battle-history">Go! <strong>Iron Jugulis</strong>!<br></div><div class="spacer battle-history"><br></div><h2 class="battle-history">Turn 19</h2><div class="spacer battle-history"><br></div><div class="battle-history">Iron Jugulis used <strong>Hurricane</strong>!<br></div><div class="battle-history"><small>It's extremely effective!</small><br></div><div class="battle-history"><small>(The opposing Heracross lost 62% of its health!)</small><br></div><div class="spacer battle-history"><br></div><div class="battle-history">The opposing Heracross fainted!<br></div><div class="spacer battle-history"><br></div><div class="battle-history"><strong>wisestream</strong> won the battle!<br></div><div class="chat chatmessage-wisestream mine"><strong style="color:#5b78ba"><span class="username"><small class="groupsymbol">☆</small>wisestream</span>:</strong> <em>gg</em></div><div class="chat chatmessage-tonytoucannon"><strong style="color:#1288bf"><span class="username"><small class="groupsymbol">☆</small>tony toucannon</span>:</strong> <em>gg</em></div><div class="chat"><small> Shirmp joined</small></div></div><div class="inner-preempt message-log"></div></div></div>
</div>
<script>
let daily = Math.floor(Date.now()/1000/60/60/24);document.write('<script src="https://play.pokemonshowdown.com/js/replay-embed.js?version'+daily+'"></'+'script>');
</script>
