<!DOCTYPE html>
<meta charset="utf-8" />
<!-- version 1 -->
<title>[Gen 9 Champions] Draft replay: ebastia12 vs. samangos</title>
<style>
html,body {font-family:Verdana, sans-serif;font-size:10pt;margin:0;padding:0;}body{padding:12px 0;} .battle-log {font-family:Verdana, sans-serif;font-size:10pt;} .battle-log-inline {border:1px solid #AAAAAA;background:#EEF2F5;color:black;max-width:640px;margin:0 auto 80px;padding-bottom:5px;} .battle-log .inner {padding:4px 8px 0px 8px;} .battle-log .inner-preempt {padding:0 8px 4px 8px;} .battle-log .inner-after {margin-top:0.5em;} .battle-log h2 {margin:0.5em -8px;padding:4px 8px;border:1px solid #AAAAAA;background:#E0E7EA;border-left:0;border-right:0;font-family:Verdana, sans-serif;font-size:13pt;} .battle-log .chat {vertical-align:middle;padding:3px 0 3px 0;font-size:8pt;} .battle-log .chat strong {color:#40576A;} .battle-log .chat em {padding:1px 4px 1px 3px;color:#000000;font-style:normal;} .chat.mine {background:rgba(0,0,0,0.05);margin-left:-8px;margin-right:-8px;padding-left:8px;padding-right:8px;} .spoiler {color:#BBBBBB;background:#BBBBBB;padding:0px 3px;} .spoiler:hover, .spoiler:active, .spoiler-shown {color:#000000;background:#E2E2E2;padding:0px 3px;} .spoiler a {color:#BBBBBB;} .spoiler:hover a, .spoiler:active a, .spoiler-shown a {color:#2288CC;} .chat code, .chat .spoiler:hover code, .chat .spoiler:active code, .chat .spoiler-shown code {border:1px solid #C0C0C0;background:#EEEEEE;color:black;padding:0 2px;} .chat .spoiler code {border:1px solid #CCCCCC;background:#CCCCCC;color:#CCCCCC;} .battle-log .rated {padding:3px 4px;} .battle-log .rated strong {color:white;background:#89A;padding:1px 4px;border-radius:4px;} .spacer {margin-top:0.5em;} .message-announce {background:#6688AA;color:white;padding:1px 4px 2px;} .message-announce a, .broadcast-green a, .broadcast-blue a, .broadcast-red a {color:#DDEEFF;} .broadcast-green {background-color:#559955;color:white;padding:2px 4px;} .broadcast-blue {background-color:#6688AA;color:white;padding:2px 4px;} .infobox {border:1px solid #6688AA;padding:2px 4px;} .infobox-limited {max-height:200px;overflow:auto;overflow-x:hidden;} .broadcast-red {background-color:#AA5544;color:white;padding:2px 4px;} .message-learn-canlearn {font-weight:bold;color:#228822;text-decoration:underline;} .message-learn-cannotlearn {font-weight:bold;color:#CC2222;text-decoration:underline;} .message-effect-weak {font-weight:bold;color:#CC2222;} .message-effect-resist {font-weight:bold;color:#6688AA;} .message-effect-immune {font-weight:bold;color:#666666;} .message-learn-list {margin-top:0;margin-bottom:0;} .message-throttle-notice, .message-error {color:#992222;} .message-overflow, .chat small.message-overflow {font-size:0pt;} .message-overflow::before {font-size:9pt;content:'...';} .subtle {color:#3A4A66;}
</style>
<div class="wrapper replay-wrapper" style="max-width:1180px;margin:0 auto">
<input type="hidden" name="replayid" value="unregisteredserver-gen9championsdraft-67-nuaoko8eb0yy3pshjlk6st3v1dkltbspw" />
<div class="battle"></div><div class="battle-log"></div><div class="replay-controls"></div><div class="replay-controls-2"></div>
<h1 style="font-weight:normal;text-align:center"><strong>[Gen 9 Champions] Draft</strong><br /><a href="http://pokemonshowdown.com/users/ebastia12" class="subtle" target="_blank">ebastia12</a> vs. <a href="http://pokemonshowdown.com/users/samangos" class="subtle" target="_blank">samangos</a></h1>
<script type="text/plain" class="battle-log-data">|j|☆ebastia12

|j|☆samangos
|t:|1780596168
|gametype|singles
|player|p1|ebastia12|101|
|player|p2|samangos|zinnia|
|gen|9
|tier|[Gen 9 Champions] Draft
|rule|Endless Battle Clause: Forcing endless battles is banned
|rule|Species Clause: Limit one of each Pokémon
|rule|Sleep Clause Mod: Limit one foe put to sleep
|rule|OHKO Clause: OHKO moves are banned
|rule|Evasion Clause: Evasion abilities, items, and moves are banned
|rule|Evasion Abilities Clause: Evasion abilities are banned
|rule|Evasion Items Clause: Evasion items are banned
|rule|Evasion Moves Clause: Evasion moves are banned
|clearpoke
|poke|p1|Hawlucha, F|
|poke|p1|Drapion, M|
|poke|p1|Kyurem-Black|
|poke|p1|Meowstic, M|
|poke|p1|Milotic, F|
|poke|p1|Rillaboom, F|
|poke|p2|Tinkaton, F|
|poke|p2|Slowbro, F|
|poke|p2|Hitmontop, M|
|poke|p2|Meowscarada, M|
|poke|p2|Moltres|
|poke|p2|Empoleon, M|
|teampreview
|c|☆samangos|glgl!
|c|☆ebastia12|glhf
|j| frezemn
|j| adunka
|
|t:|1780596340
|teamsize|p1|6
|teamsize|p2|6
|start
|switch|p1a: Meowstic|Meowstic, M|352\/352
|switch|p2a: rises the moon|Meowscarada, M|100\/100
|turn|1
|
|t:|1780596362
|move|p1a: Meowstic|Reflect|p1a: Meowstic
|-sidestart|p1: ebastia12|Reflect
|move|p2a: rises the moon|U-turn|p1a: Meowstic
|-start|p2a: rises the moon|typechange|Bug|[from] ability: Protean
|-supereffective|p1a: Meowstic|1
|-damage|p1a: Meowstic|204\/352
|
|t:|1780596463
|switch|p2a: the shindig|Hitmontop, M|100\/100|[from] U-turn
|
|upkeep
|turn|2
|
|t:|1780596476
|move|p1a: Meowstic|Light Screen|p1a: Meowstic
|-sidestart|p1: ebastia12|move: Light Screen
|move|p2a: the shindig|Triple Axel|p1a: Meowstic
|-damage|p1a: Meowstic|185\/352
|-damage|p1a: Meowstic|143\/352
|-hitcount|p1a: Meowstic|2
|
|upkeep
|turn|3
|c| frezemn|he doing a lil shindig
|c| frezemn|look at the cutie
|c|☆samangos|damn
|c| frezemn|thats my son right there
|j| logmonster
|c|☆samangos|light clay be banned right
|c|☆ebastia12|Nope
|c| frezemn|sadly no
|c|☆samangos|welp
|c| frezemn|just crit you'll be fine
|
|t:|1780596625
|move|p1a: Meowstic|Thunder Wave|p2a: the shindig
|-status|p2a: the shindig|par
|move|p2a: the shindig|Triple Axel|p1a: Meowstic
|-damage|p1a: Meowstic|124\/352
|-damage|p1a: Meowstic|84\/352
|-hitcount|p1a: Meowstic|2
|
|upkeep
|turn|4
|c|☆samangos|i hate this move
|c|☆samangos|idk why i keep pressing gambling moves
|c| frezemn|he just needs a warmup
|
|t:|1780596657
|switch|p1a: Milotic|Milotic, F|394\/394
|move|p2a: the shindig|Triple Axel|p1a: Milotic
|-resisted|p1a: Milotic|1
|-damage|p1a: Milotic|385\/394
|-resisted|p1a: Milotic|1
|-damage|p1a: Milotic|365\/394
|-resisted|p1a: Milotic|1
|-damage|p1a: Milotic|337\/394
|-hitcount|p1a: Milotic|3
|
|-heal|p1a: Milotic|361\/394|[from] item: Leftovers
|upkeep
|turn|5
|c|☆ebastia12|Congrats
|
|t:|1780596676
|switch|p2a: o pato|Empoleon, M|100\/100
|move|p1a: Milotic|Flip Turn|p2a: o pato
|-resisted|p2a: o pato|1
|-damage|p2a: o pato|94\/100
|
|t:|1780596798
|switch|p1a: Kyurem|Kyurem-Black|391\/391|[from] Flip Turn
|-ability|p1a: Kyurem|Teravolt
|
|-heal|p2a: o pato|99\/100|[from] item: Leftovers
|upkeep
|turn|6
|
|t:|1780596840
|switch|p2a: a cabo|Slowbro, F|100\/100
|move|p1a: Kyurem|Fusion Bolt|p2a: a cabo
|-supereffective|p2a: a cabo|1
|-damage|p2a: a cabo|59\/100
|
|upkeep
|turn|7
|
|t:|1780596857
|move|p1a: Kyurem|Fusion Bolt|p2a: a cabo
|-supereffective|p2a: a cabo|1
|-damage|p2a: a cabo|19\/100
|move|p2a: a cabo|Thunder Wave|p1a: Kyurem
|-status|p1a: Kyurem|par
|
|upkeep
|turn|8
|
|t:|1780596967
|-heal|p2a: a cabo|52\/100|[from] ability: Regenerator|[silent]
|switch|p2a: o pato|Empoleon, M|99\/100
|move|p1a: Kyurem|Fusion Bolt|p2a: o pato
|-supereffective|p2a: o pato|1
|-damage|p2a: o pato|23\/100
|
|-heal|p2a: o pato|29\/100|[from] item: Leftovers
|-sideend|p1: ebastia12|Reflect
|upkeep
|turn|9
|
|t:|1780596982
|move|p1a: Kyurem|Fusion Bolt|p2a: o pato
|-supereffective|p2a: o pato|1
|-damage|p2a: o pato|0 fnt
|faint|p2a: o pato
|
|-sideend|p1: ebastia12|move: Light Screen
|upkeep
|
|t:|1780596993
|switch|p2a: rises the moon|Meowscarada, M|100\/100
|turn|10
|
|t:|1780597051
|switch|p1a: Drapion|Drapion, M|344\/344
|move|p2a: rises the moon|Low Kick|p1a: Drapion
|-start|p2a: rises the moon|typechange|Fighting|[from] ability: Protean
|-damage|p1a: Drapion|175\/344
|
|-heal|p1a: Drapion|196\/344|[from] item: Black Sludge
|upkeep
|turn|11
|
|t:|1780597090
|switch|p2a: skies|Moltres|100\/100
|-ability|p2a: skies|Pressure
|switch|p1a: Meowstic|Meowstic, M|84\/352
|
|upkeep
|turn|12
|c| frezemn|good double
|
|t:|1780597133
|move|p1a: Meowstic|Light Screen|p1a: Meowstic
|-sidestart|p1: ebastia12|move: Light Screen
|move|p2a: skies|Flamethrower|p1a: Meowstic
|-damage|p1a: Meowstic|12\/352
|
|upkeep
|turn|13
|c| frezemn|solid
|c|☆samangos|maan
|
|t:|1780597177
|switch|p1a: Milotic|Milotic, F|361\/394
|move|p2a: skies|Flamethrower|p1a: Milotic
|-resisted|p1a: Milotic|1
|-damage|p1a: Milotic|336\/394
|
|-heal|p1a: Milotic|360\/394|[from] item: Leftovers
|upkeep
|turn|14
|
|t:|1780597200
|move|p2a: skies|U-turn|p1a: Milotic
|-damage|p1a: Milotic|311\/394
|
|t:|1780597207
|switch|p2a: rises the moon|Meowscarada, M|100\/100|[from] U-turn
|move|p1a: Milotic|Scald|p2a: rises the moon
|-resisted|p2a: rises the moon|1
|-damage|p2a: rises the moon|81\/100
|-status|p2a: rises the moon|brn
|
|-heal|p1a: Milotic|335\/394|[from] item: Leftovers
|-damage|p2a: rises the moon|75\/100 brn|[from] brn
|upkeep
|turn|15
|c|☆samangos|thats so tragic
|
|t:|1780597227
|switch|p1a: Drapion|Drapion, M|196\/344
|move|p2a: rises the moon|Flower Trick|p1a: Drapion
|-start|p2a: rises the moon|typechange|Grass|[from] ability: Protean
|-resisted|p1a: Drapion|1
|-damage|p1a: Drapion|158\/344
|
|-heal|p1a: Drapion|179\/344|[from] item: Black Sludge
|-damage|p2a: rises the moon|69\/100 brn|[from] brn
|upkeep
|turn|16
|c|☆ebastia12|Battle armor clutch
|
|t:|1780597244
|switch|p2a: skies|Moltres|100\/100
|-ability|p2a: skies|Pressure
|move|p1a: Drapion|Knock Off|p2a: skies
|-damage|p2a: skies|81\/100
|-enditem|p2a: skies|Heavy-Duty Boots|[from] move: Knock Off|[of] p1a: Drapion
|
|-heal|p1a: Drapion|200\/344|[from] item: Black Sludge
|upkeep
|turn|17
|
|t:|1780597258
|switch|p1a: Milotic|Milotic, F|335\/394
|move|p2a: skies|Will-O-Wisp|p1a: Milotic
|-status|p1a: Milotic|brn
|
|-heal|p1a: Milotic|359\/394 brn|[from] item: Leftovers
|-damage|p1a: Milotic|335\/394 brn|[from] brn
|upkeep
|turn|18
|
|t:|1780597275
|move|p2a: skies|U-turn|p1a: Milotic
|-damage|p1a: Milotic|289\/394 brn
|
|t:|1780597285
|switch|p2a: a cabo|Slowbro, F|52\/100|[from] U-turn
|move|p1a: Milotic|Scald|p2a: a cabo
|-resisted|p2a: a cabo|1
|-damage|p2a: a cabo|38\/100
|
|-heal|p1a: Milotic|313\/394 brn|[from] item: Leftovers
|-damage|p1a: Milotic|289\/394 brn|[from] brn
|upkeep
|turn|19
|
|t:|1780597298
|move|p1a: Milotic|Toxic|p2a: a cabo
|-status|p2a: a cabo|tox
|move|p2a: a cabo|Teleport|p2a: a cabo
|
|t:|1780597309
|-heal|p2a: a cabo|71\/100 tox|[from] ability: Regenerator|[silent]
|switch|p2a: the shindig|Hitmontop, M|100\/100 par|[from] Teleport
|
|-heal|p1a: Milotic|313\/394 brn|[from] item: Leftovers
|-damage|p1a: Milotic|289\/394 brn|[from] brn
|-sideend|p1: ebastia12|move: Light Screen
|upkeep
|turn|20
|
|t:|1780597325
|move|p1a: Milotic|Recover|p1a: Milotic
|-heal|p1a: Milotic|394\/394 brn
|cant|p2a: the shindig|par
|
|-damage|p1a: Milotic|370\/394 brn|[from] brn
|upkeep
|turn|21
|
|t:|1780597347
|switch|p2a: a cabo|Slowbro, F|71\/100 tox
|move|p1a: Milotic|Scald|p2a: a cabo
|-resisted|p2a: a cabo|1
|-damage|p2a: a cabo|56\/100 tox
|
|-heal|p1a: Milotic|394\/394 brn|[from] item: Leftovers
|-damage|p2a: a cabo|50\/100 tox|[from] psn
|-damage|p1a: Milotic|370\/394 brn|[from] brn
|upkeep
|turn|22
|
|t:|1780597357
|move|p1a: Milotic|Scald|p2a: a cabo
|-resisted|p2a: a cabo|1
|-damage|p2a: a cabo|36\/100 tox
|move|p2a: a cabo|Teleport|p2a: a cabo
|
|t:|1780597362
|-heal|p2a: a cabo|69\/100 tox|[from] ability: Regenerator|[silent]
|switch|p2a: rises the moon|Meowscarada, M|69\/100 brn|[from] Teleport
|
|-heal|p1a: Milotic|394\/394 brn|[from] item: Leftovers
|-damage|p2a: rises the moon|63\/100 brn|[from] brn
|-damage|p1a: Milotic|370\/394 brn|[from] brn
|upkeep
|turn|23
|
|t:|1780597373
|switch|p1a: Drapion|Drapion, M|200\/344
|move|p2a: rises the moon|U-turn|p1a: Drapion
|-start|p2a: rises the moon|typechange|Bug|[from] ability: Protean
|-damage|p1a: Drapion|123\/344
|
|t:|1780597382
|switch|p2a: the shindig|Hitmontop, M|100\/100 par|[from] U-turn
|
|-heal|p1a: Drapion|144\/344|[from] item: Black Sludge
|upkeep
|turn|24
|
|t:|1780597446
|switch|p1a: Milotic|Milotic, F|370\/394 brn
|move|p2a: the shindig|Close Combat|p1a: Milotic
|-damage|p1a: Milotic|136\/394 brn
|-unboost|p2a: the shindig|def|1
|-unboost|p2a: the shindig|spd|1
|
|-heal|p1a: Milotic|160\/394 brn|[from] item: Leftovers
|-damage|p1a: Milotic|136\/394 brn|[from] brn
|upkeep
|turn|25
|
|t:|1780597474
|move|p1a: Milotic|Recover|p1a: Milotic
|-heal|p1a: Milotic|333\/394 brn
|move|p2a: the shindig|Close Combat|p1a: Milotic
|-damage|p1a: Milotic|104\/394 brn
|-unboost|p2a: the shindig|def|1
|-unboost|p2a: the shindig|spd|1
|
|-heal|p1a: Milotic|128\/394 brn|[from] item: Leftovers
|-damage|p1a: Milotic|104\/394 brn|[from] brn
|upkeep
|turn|26
|
|t:|1780597524
|move|p1a: Milotic|Recover|p1a: Milotic
|-heal|p1a: Milotic|301\/394 brn
|move|p2a: the shindig|Close Combat|p1a: Milotic
|-damage|p1a: Milotic|63\/394 brn
|-unboost|p2a: the shindig|def|1
|-unboost|p2a: the shindig|spd|1
|
|-heal|p1a: Milotic|87\/394 brn|[from] item: Leftovers
|-damage|p1a: Milotic|63\/394 brn|[from] brn
|upkeep
|turn|27
|
|t:|1780597535
|move|p1a: Milotic|Recover|p1a: Milotic
|-heal|p1a: Milotic|260\/394 brn
|move|p2a: the shindig|Close Combat|p1a: Milotic
|-damage|p1a: Milotic|19\/394 brn
|-unboost|p2a: the shindig|def|1
|-unboost|p2a: the shindig|spd|1
|
|-heal|p1a: Milotic|43\/394 brn|[from] item: Leftovers
|-damage|p1a: Milotic|19\/394 brn|[from] brn
|upkeep
|turn|28
|
|t:|1780597551
|move|p1a: Milotic|Scald|p2a: the shindig
|-crit|p2a: the shindig
|-damage|p2a: the shindig|0 fnt
|faint|p2a: the shindig
|
|-heal|p1a: Milotic|43\/394 brn|[from] item: Leftovers
|-damage|p1a: Milotic|19\/394 brn|[from] brn
|upkeep
|c|☆ebastia12|My calc says crit didn't matter
|c|☆samangos|alr ok
|c| logmonster|the calcler
|c|☆ebastia12|Idk your spread but I know you're 252+ band
|
|t:|1780597630
|switch|p2a: rises the moon|Meowscarada, M|63\/100 brn
|turn|29
|
|t:|1780597666
|switch|p1a: Hawlucha|Hawlucha, F|330\/330
|move|p2a: rises the moon|U-turn|p1a: Hawlucha
|-start|p2a: rises the moon|typechange|Bug|[from] ability: Protean
|-resisted|p1a: Hawlucha|2
|-damage|p1a: Hawlucha|304\/330
|
|t:|1780597679
|switch|p2a: a cabo|Slowbro, F|69\/100 tox|[from] U-turn
|
|-damage|p2a: a cabo|63\/100 tox|[from] psn
|upkeep
|turn|30
|
|t:|1780597694
|switch|p1a: Kyurem|Kyurem-Black|391\/391 par
|-ability|p1a: Kyurem|Teravolt
|move|p2a: a cabo|Scald|p1a: Kyurem
|-resisted|p1a: Kyurem|1
|-damage|p1a: Kyurem|332\/391 par
|
|-damage|p2a: a cabo|51\/100 tox|[from] psn
|upkeep
|turn|31
|j| FletchHead
|
|t:|1780597706
|move|p1a: Kyurem|Fusion Bolt|p2a: a cabo
|-supereffective|p2a: a cabo|1
|-damage|p2a: a cabo|5\/100 tox
|move|p2a: a cabo|Teleport|p2a: a cabo
|
|t:|1780597722
|-heal|p2a: a cabo|38\/100 tox|[from] ability: Regenerator|[silent]
|switch|p2a: nuclear kittens|Tinkaton, F|100\/100|[from] Teleport
|-ability|p2a: nuclear kittens|Mold Breaker
|
|upkeep
|turn|32
|
|t:|1780597757
|switch|p1a: Drapion|Drapion, M|144\/344
|move|p2a: nuclear kittens|Gigaton Hammer|p1a: Drapion
|-damage|p1a: Drapion|0 fnt
|faint|p1a: Drapion
|
|upkeep
|l| adunka
|j| adunka
|
|t:|1780597809
|switch|p1a: Meowstic|Meowstic, M|12\/352
|turn|33
|
|t:|1780597817
|move|p1a: Meowstic|Reflect|p1a: Meowstic
|-sidestart|p1: ebastia12|Reflect
|move|p2a: nuclear kittens|Knock Off|p1a: Meowstic
|-supereffective|p1a: Meowstic|1
|-damage|p1a: Meowstic|0 fnt
|-enditem|p1a: Meowstic|Light Clay|[from] move: Knock Off|[of] p2a: nuclear kittens
|faint|p1a: Meowstic
|
|upkeep
|
|t:|1780597840
|switch|p1a: Rillaboom|Rillaboom, F|341\/341
|-fieldstart|move: Grassy Terrain|[from] ability: Grassy Surge|[of] p1a: Rillaboom
|turn|34
|
|t:|1780597851
|switch|p2a: skies|Moltres|81\/100
|-ability|p2a: skies|Pressure
|move|p1a: Rillaboom|U-turn|p2a: skies
|-resisted|p2a: skies|2
|-damage|p2a: skies|77\/100
|
|t:|1780597870
|switch|p1a: Kyurem|Kyurem-Black|332\/391 par|[from] U-turn
|-ability|p1a: Kyurem|Teravolt
|
|-heal|p1a: Kyurem|356\/391 par|[from] Grassy Terrain
|upkeep
|turn|35
|
|t:|1780597940
|move|p1a: Kyurem|Fusion Bolt|p2a: skies
|-supereffective|p2a: skies|1
|-damage|p2a: skies|25\/100
|move|p2a: skies|Flamethrower|p1a: Kyurem
|-damage|p1a: Kyurem|211\/391 par
|
|-heal|p1a: Kyurem|235\/391 par|[from] Grassy Terrain
|upkeep
|turn|36
|
|t:|1780597997
|switch|p2a: rises the moon|Meowscarada, M|63\/100 brn
|cant|p1a: Kyurem|par
|
|-heal|p2a: rises the moon|69\/100 brn|[from] Grassy Terrain
|-heal|p1a: Kyurem|259\/391 par|[from] Grassy Terrain
|-damage|p2a: rises the moon|63\/100 brn|[from] brn
|upkeep
|turn|37
|l| FletchHead
|
|t:|1780598105
|switch|p1a: Hawlucha|Hawlucha, F|304\/330
|-enditem|p1a: Hawlucha|Grassy Seed
|-boost|p1a: Hawlucha|def|1|[from] item: Grassy Seed
|move|p2a: rises the moon|Low Kick|p1a: Hawlucha
|-start|p2a: rises the moon|typechange|Fighting|[from] ability: Protean
|-resisted|p1a: Hawlucha|1
|-damage|p1a: Hawlucha|294\/330
|
|-heal|p2a: rises the moon|69\/100 brn|[from] Grassy Terrain
|-damage|p2a: rises the moon|63\/100 brn|[from] brn
|upkeep
|turn|38
|
|t:|1780598132
|switch|p2a: nuclear kittens|Tinkaton, F|100\/100
|-ability|p2a: nuclear kittens|Mold Breaker
|move|p1a: Hawlucha|Swords Dance|p1a: Hawlucha
|-boost|p1a: Hawlucha|atk|2
|
|-fieldend|move: Grassy Terrain
|upkeep
|turn|39
|
|t:|1780598148
|move|p2a: nuclear kittens|Endure|p2a: nuclear kittens
|-singleturn|p2a: nuclear kittens|move: Endure
|move|p1a: Hawlucha|Close Combat|p2a: nuclear kittens
|-crit|p2a: nuclear kittens
|-activate|p2a: nuclear kittens|move: Endure
|-damage|p2a: nuclear kittens|1\/100
|-unboost|p1a: Hawlucha|def|1
|-unboost|p1a: Hawlucha|spd|1
|-enditem|p2a: nuclear kittens|Red Card|[of] p1a: Hawlucha
|drag|p1a: Milotic|Milotic, F|19\/394 brn
|
|-heal|p1a: Milotic|43\/394 brn|[from] item: Leftovers
|-damage|p1a: Milotic|19\/394 brn|[from] brn
|upkeep
|turn|40
|
|t:|1780598176
|switch|p1a: Rillaboom|Rillaboom, F|341\/341
|-fieldstart|move: Grassy Terrain|[from] ability: Grassy Surge|[of] p1a: Rillaboom
|move|p2a: nuclear kittens|Knock Off|p1a: Rillaboom
|-damage|p1a: Rillaboom|297\/341
|-enditem|p1a: Rillaboom|Protective Pads|[from] move: Knock Off|[of] p2a: nuclear kittens
|
|-heal|p1a: Rillaboom|318\/341|[from] Grassy Terrain
|-heal|p2a: nuclear kittens|7\/100|[from] Grassy Terrain
|-sideend|p1: ebastia12|Reflect
|upkeep
|turn|41
|c| logmonster|great bring
|c|☆samangos|hackson is my goat for that one
|
|t:|1780598222
|switch|p2a: skies|Moltres|25\/100
|-ability|p2a: skies|Pressure
|move|p1a: Rillaboom|U-turn|p2a: skies
|-resisted|p2a: skies|2
|-crit|p2a: skies
|-damage|p2a: skies|18\/100
|c|☆samangos|im really mad at my luck
|c|☆samangos|wtf are these crit rates
|
|t:|1780598252
|switch|p1a: Hawlucha|Hawlucha, F|294\/330|[from] U-turn
|
|upkeep
|turn|42
|
|t:|1780598264
|switch|p2a: a cabo|Slowbro, F|38\/100 tox
|move|p1a: Hawlucha|Acrobatics|p2a: a cabo
|-damage|p2a: a cabo|9\/100 tox
|
|-heal|p2a: a cabo|15\/100 tox|[from] Grassy Terrain
|-damage|p2a: a cabo|9\/100 tox|[from] psn
|upkeep
|turn|43
|
|t:|1780598275
|-heal|p2a: a cabo|42\/100 tox|[from] ability: Regenerator|[silent]
|switch|p2a: skies|Moltres|18\/100
|-ability|p2a: skies|Pressure
|move|p1a: Hawlucha|Acrobatics|p2a: skies
|-damage|p2a: skies|0 fnt
|faint|p2a: skies
|
|upkeep
|l| frezemn
|
|t:|1780598289
|switch|p2a: rises the moon|Meowscarada, M|63\/100 brn
|turn|44
|
|t:|1780598293
|move|p2a: rises the moon|Triple Axel|p1a: Hawlucha
|-start|p2a: rises the moon|typechange|Ice|[from] ability: Protean
|-supereffective|p1a: Hawlucha|1
|-damage|p1a: Hawlucha|236\/330
|-supereffective|p1a: Hawlucha|1
|-damage|p1a: Hawlucha|116\/330
|-supereffective|p1a: Hawlucha|1
|-damage|p1a: Hawlucha|0 fnt
|faint|p1a: Hawlucha
|-hitcount|p1: Hawlucha|3
|
|-heal|p2a: rises the moon|69\/100 brn|[from] Grassy Terrain
|-damage|p2a: rises the moon|63\/100 brn|[from] brn
|-fieldend|move: Grassy Terrain
|upkeep
|j| frezemn
|c|☆samangos|THE DEMON IS DEAD
|
|t:|1780598330
|switch|p1a: Kyurem|Kyurem-Black|259\/391 par
|-ability|p1a: Kyurem|Teravolt
|turn|45
|c|☆samangos|...theres 2 of them
|
|t:|1780598373
|switch|p2a: a cabo|Slowbro, F|42\/100 tox
|move|p1a: Kyurem|Earth Power|p2a: a cabo
|-damage|p2a: a cabo|12\/100 tox
|
|-damage|p2a: a cabo|6\/100 tox|[from] psn
|upkeep
|turn|46
|
|t:|1780598393
|-heal|p2a: a cabo|39\/100 tox|[from] ability: Regenerator|[silent]
|switch|p2a: rises the moon|Meowscarada, M|63\/100 brn
|move|p1a: Kyurem|Earth Power|p2a: rises the moon
|-resisted|p2a: rises the moon|1
|-damage|p2a: rises the moon|40\/100 brn
|
|-damage|p2a: rises the moon|34\/100 brn|[from] brn
|upkeep
|turn|47
|
|t:|1780598404
|switch|p1a: Milotic|Milotic, F|19\/394 brn
|move|p2a: rises the moon|Low Kick|p1a: Milotic
|-start|p2a: rises the moon|typechange|Fighting|[from] ability: Protean
|-damage|p1a: Milotic|0 fnt
|faint|p1a: Milotic
|
|-damage|p2a: rises the moon|28\/100 brn|[from] brn
|upkeep
|
|t:|1780598412
|switch|p1a: Rillaboom|Rillaboom, F|318\/341
|-fieldstart|move: Grassy Terrain|[from] ability: Grassy Surge|[of] p1a: Rillaboom
|turn|48
|l| logmonster
|
|t:|1780598439
|switch|p2a: a cabo|Slowbro, F|39\/100 tox
|move|p1a: Rillaboom|Grassy Glide|p2a: a cabo
|-supereffective|p2a: a cabo|1
|-damage|p2a: a cabo|0 fnt
|faint|p2a: a cabo
|
|-heal|p1a: Rillaboom|339\/341|[from] Grassy Terrain
|upkeep
|
|t:|1780598447
|switch|p2a: rises the moon|Meowscarada, M|28\/100 brn
|turn|49
|
|t:|1780598451
|move|p1a: Rillaboom|Grassy Glide|p2a: rises the moon
|-resisted|p2a: rises the moon|1
|-damage|p2a: rises the moon|0 fnt
|faint|p2a: rises the moon
|
|-heal|p1a: Rillaboom|341\/341|[from] Grassy Terrain
|upkeep
|c|☆samangos|gg
|
|t:|1780598458
|switch|p2a: nuclear kittens|Tinkaton, F|7\/100
|-ability|p2a: nuclear kittens|Mold Breaker
|turn|50
|c|☆ebastia12|gg
|
|t:|1780598465
|move|p1a: Rillaboom|Grassy Glide|p2a: nuclear kittens
|-resisted|p2a: nuclear kittens|1
|-damage|p2a: nuclear kittens|0 fnt
|faint|p2a: nuclear kittens
|
|win|ebastia12</script>
</div>
<div class="battle-log battle-log-inline"><div class="inner"><div class="battle-options"><div style="padding-top: 3px; padding-right: 3px; text-align: right"><button class="icon button" name="openBattleOptions" title="Options">Battle Options</button></div></div><div class="inner message-log"><div class="chat"><small>☆ebastia12 and ☆samangos joined</small></div><div class=""><small>Format:</small> <br><strong>[Gen 9 Champions] Draft</strong></div><div class=""><small><em>Endless Battle Clause:</em> Forcing endless battles is banned</small></div><div class=""><small><em>Species Clause:</em> Limit one of each Pokémon</small></div><div class=""><small><em>Sleep Clause Mod:</em> Limit one foe put to sleep</small></div><div class=""><small><em>OHKO Clause:</em> OHKO moves are banned</small></div><div class=""><small><em>Evasion Clause:</em> Evasion abilities, items, and moves are banned</small></div><div class=""><small><em>Evasion Abilities Clause:</em> Evasion abilities are banned</small></div><div class=""><small><em>Evasion Items Clause:</em> Evasion items are banned</small></div><div class=""><small><em>Evasion Moves Clause:</em> Evasion moves are banned</small></div><div class="chat battle-history"><strong>ebastia12's team:</strong> <em style="color:#445566;display:block;">Hawlucha / Drapion / Kyurem-Black / Meowstic / Milotic / Rillaboom</em></div><div class="chat battle-history"><strong>samangos's team:</strong> <em style="color:#445566;display:block;">Tinkaton / Slowbro / Hitmontop / Meowscarada / Moltres / Empoleon</em></div><div class="chat chatmessage-samangos"><strong style="color:#19a55f"><span class="username"><small class="groupsymbol">☆</small>samangos</span>:</strong> <em>glgl!</em></div><div class="chat chatmessage-ebastia12 mine"><strong style="color:#33a819"><span class="username"><small class="groupsymbol">☆</small>ebastia12</span>:</strong> <em>glhf</em></div><div class="chat"><small> frezemn and  adunka joined</small></div><div class="spacer battle-history"><br></div><div class="battle-history">Battle started between ebastia12 and samangos!<br></div><div class="spacer battle-history"><br></div><div class="battle-history">Go! <strong>Meowstic</strong>!<br></div><div class="spacer battle-history"><br></div><div class="battle-history">samangos sent out rises the moon (<strong>Meowscarada</strong>)!<br></div><div class="spacer battle-history"><br></div><h2 class="battle-history">Turn 1</h2><div class="spacer battle-history"><br></div><div class="battle-history">Meowstic used <strong>Reflect</strong>!<br></div><div class="battle-history"><small>Reflect made your team stronger against physical moves!</small><br></div><div class="spacer battle-history"><br></div><div class="battle-history">The opposing rises the moon used <strong>U-turn</strong>!<br></div><div class="spacer battle-history"><br></div><div class="battle-history">[The opposing rises the moon's Protean]<br><small>The opposing rises the moon's type changed to Bug!</small><br></div><div class="battle-history"><small>It's super effective!</small><br></div><div class="battle-history"><small>(Meowstic lost <abbr title="−148/352">42.0%</abbr> of its health!)</small><br></div><div class="spacer battle-history"><br></div><div class="battle-history">The opposing rises the moon went back to samangos!<br></div><div class="battle-history">samangos sent out the shindig (<strong>Hitmontop</strong>)!<br></div><div class="spacer battle-history"><br></div><h2 class="battle-history">Turn 2</h2><div class="spacer battle-history"><br></div><div class="battle-history">Meowstic used <strong>Light Screen</strong>!<br></div><div class="battle-history"><small>Light Screen made your team stronger against special moves!</small><br></div><div class="spacer battle-history"><br></div><div class="battle-history">The opposing the shindig used <strong>Triple Axel</strong>!<br></div><div class="battle-history"><small>(Meowstic lost <abbr title="−19/352">5.4%</abbr> of its health!)</small><br></div><div class="battle-history"><small>(Meowstic lost <abbr title="−42/352">11.9%</abbr> of its health!)</small><br></div><div class="battle-history"><small>The Pokémon was hit 2 times!</small><br></div><div class="spacer battle-history"><br></div><h2 class="battle-history">Turn 3</h2><div class="chat chatmessage-frezemn"><strong style="color:#7166e5"><span class="username"><small class="groupsymbol"> </small>frezemn</span>:</strong> <em>he doing a lil shindig</em></div><div class="chat chatmessage-frezemn"><strong style="color:#7166e5"><span class="username"><small class="groupsymbol"> </small>frezemn</span>:</strong> <em>look at the cutie</em></div><div class="chat chatmessage-samangos"><strong style="color:#19a55f"><span class="username"><small class="groupsymbol">☆</small>samangos</span>:</strong> <em>damn</em></div><div class="chat chatmessage-frezemn"><strong style="color:#7166e5"><span class="username"><small class="groupsymbol"> </small>frezemn</span>:</strong> <em>thats my son right there</em></div><div class="chat"><small> logmonster joined</small></div><div class="chat chatmessage-samangos"><strong style="color:#19a55f"><span class="username"><small class="groupsymbol">☆</small>samangos</span>:</strong> <em>light clay be banned right</em></div><div class="chat chatmessage-ebastia12 mine"><strong style="color:#33a819"><span class="username"><small class="groupsymbol">☆</small>ebastia12</span>:</strong> <em>Nope</em></div><div class="chat chatmessage-frezemn"><strong style="color:#7166e5"><span class="username"><small class="groupsymbol"> </small>frezemn</span>:</strong> <em>sadly no</em></div><div class="chat chatmessage-samangos"><strong style="color:#19a55f"><span class="username"><small class="groupsymbol">☆</small>samangos</span>:</strong> <em>welp</em></div><div class="chat chatmessage-frezemn"><strong style="color:#7166e5"><span class="username"><small class="groupsymbol"> </small>frezemn</span>:</strong> <em>just crit you'll be fine</em></div><div class="spacer battle-history"><br></div><div class="battle-history">Meowstic used <strong>Thunder Wave</strong>!<br></div><div class="battle-history"><small>The opposing the shindig is paralyzed! It may be unable to move!</small><br></div><div class="spacer battle-history"><br></div><div class="battle-history">The opposing the shindig used <strong>Triple Axel</strong>!<br></div><div class="battle-history"><small>(Meowstic lost <abbr title="−19/352">5.4%</abbr> of its health!)</small><br></div><div class="battle-history"><small>(Meowstic lost <abbr title="−40/352">11.4%</abbr> of its health!)</small><br></div><div class="battle-history"><small>The Pokémon was hit 2 times!</small><br></div><div class="spacer battle-history"><br></div><h2 class="battle-history">Turn 4</h2><div class="chat chatmessage-samangos"><strong style="color:#19a55f"><span class="username"><small class="groupsymbol">☆</small>samangos</span>:</strong> <em>i hate this move</em></div><div class="chat chatmessage-samangos"><strong style="color:#19a55f"><span class="username"><small class="groupsymbol">☆</small>samangos</span>:</strong> <em>idk why i keep pressing gambling moves</em></div><div class="chat chatmessage-frezemn"><strong style="color:#7166e5"><span class="username"><small class="groupsymbol"> </small>frezemn</span>:</strong> <em>he just needs a warmup</em></div><div class="spacer battle-history"><br></div><div class="battle-history">Meowstic, come back!<br></div><div class="battle-history">Go! <strong>Milotic</strong>!<br></div><div class="spacer battle-history"><br></div><div class="battle-history">The opposing the shindig used <strong>Triple Axel</strong>!<br></div><div class="battle-history"><small>It's not very effective...</small><br></div><div class="battle-history"><small>(Milotic lost <abbr title="−9/394">2.3%</abbr> of its health!)</small><br></div><div class="battle-history"><small>It's not very effective...</small><br></div><div class="battle-history"><small>(Milotic lost <abbr title="−20/394">5.1%</abbr> of its health!)</small><br></div><div class="battle-history"><small>It's not very effective...</small><br></div><div class="battle-history"><small>(Milotic lost <abbr title="−28/394">7.1%</abbr> of its health!)</small><br></div><div class="battle-history"><small>The Pokémon was hit 3 times!</small><br></div><div class="spacer battle-history"><br></div><div class="battle-history"><small>Milotic restored a little HP using its Leftovers!</small><br></div><div class="spacer battle-history"><br></div><h2 class="battle-history">Turn 5</h2><div class="chat chatmessage-ebastia12 mine"><strong style="color:#33a819"><span class="username"><small class="groupsymbol">☆</small>ebastia12</span>:</strong> <em>Congrats</em></div><div class="spacer battle-history"><br></div><div class="battle-history">samangos withdrew the shindig!<br></div><div class="battle-history">samangos sent out o pato (<strong>Empoleon</strong>)!<br></div><div class="spacer battle-history"><br></div><div class="battle-history">Milotic used <strong>Flip Turn</strong>!<br></div><div class="battle-history"><small>It's not very effective...</small><br></div><div class="battle-history"><small>(The opposing o pato lost 6% of its health!)</small><br></div><div class="spacer battle-history"><br></div><div class="battle-history">Milotic went back to ebastia12!<br></div><div class="battle-history">Go! Kyurem (<strong>Kyurem-Black</strong>)!<br></div><div class="battle-history">[Kyurem's Teravolt]<br><small>Kyurem is radiating a bursting aura!</small><br></div><div class="spacer battle-history"><br></div><div class="battle-history"><small>The opposing o pato restored a little HP using its Leftovers!</small><br></div><div class="spacer battle-history"><br></div><h2 class="battle-history">Turn 6</h2><div class="spacer battle-history"><br></div><div class="battle-history">samangos withdrew o pato!<br></div><div class="battle-history">samangos sent out a cabo (<strong>Slowbro</strong>)!<br></div><div class="spacer battle-history"><br></div><div class="battle-history">Kyurem used <strong>Fusion Bolt</strong>!<br></div><div class="battle-history"><small>It's super effective!</small><br></div><div class="battle-history"><small>(The opposing a cabo lost 41% of its health!)</small><br></div><div class="spacer battle-history"><br></div><h2 class="battle-history">Turn 7</h2><div class="spacer battle-history"><br></div><div class="battle-history">Kyurem used <strong>Fusion Bolt</strong>!<br></div><div class="battle-history"><small>It's super effective!</small><br></div><div class="battle-history"><small>(The opposing a cabo lost 40% of its health!)</small><br></div><div class="spacer battle-history"><br></div><div class="battle-history">The opposing a cabo used <strong>Thunder Wave</strong>!<br></div><div class="battle-history"><small>Kyurem is paralyzed! It may be unable to move!</small><br></div><div class="spacer battle-history"><br></div><h2 class="battle-history">Turn 8</h2><div class="spacer battle-history"><br></div><div class="battle-history">samangos withdrew a cabo!<br></div><div class="battle-history">samangos sent out o pato (<strong>Empoleon</strong>)!<br></div><div class="spacer battle-history"><br></div><div class="battle-history">Kyurem used <strong>Fusion Bolt</strong>!<br></div><div class="battle-history"><small>It's super effective!</small><br></div><div class="battle-history"><small>(The opposing o pato lost 76% of its health!)</small><br></div><div class="spacer battle-history"><br></div><div class="battle-history"><small>The opposing o pato restored a little HP using its Leftovers!</small><br></div><div class="battle-history"><small>Your team's Reflect wore off!</small><br></div><div class="spacer battle-history"><br></div><h2 class="battle-history">Turn 9</h2><div class="spacer battle-history"><br></div><div class="battle-history">Kyurem used <strong>Fusion Bolt</strong>!<br></div><div class="battle-history"><small>It's super effective!</small><br></div><div class="battle-history"><small>(The opposing o pato lost 29% of its health!)</small><br></div><div class="spacer battle-history"><br></div><div class="battle-history">The opposing o pato fainted!<br></div><div class="spacer battle-history"><br></div><div class="battle-history"><small>Your team's Light Screen wore off!</small><br></div><div class="spacer battle-history"><br></div><div class="battle-history">samangos sent out rises the moon (<strong>Meowscarada</strong>)!<br></div><div class="spacer battle-history"><br></div><h2 class="battle-history">Turn 10</h2><div class="spacer battle-history"><br></div><div class="battle-history">Kyurem, come back!<br></div><div class="battle-history">Go! <strong>Drapion</strong>!<br></div><div class="spacer battle-history"><br></div><div class="battle-history">The opposing rises the moon used <strong>Low Kick</strong>!<br></div><div class="spacer battle-history"><br></div><div class="battle-history">[The opposing rises the moon's Protean]<br><small>The opposing rises the moon's type changed to Fighting!</small><br></div><div class="battle-history"><small>(Drapion lost <abbr title="−169/344">49.1%</abbr> of its health!)</small><br></div><div class="spacer battle-history"><br></div><div class="battle-history"><small>Drapion restored a little HP using its Black Sludge!</small><br></div><div class="spacer battle-history"><br></div><h2 class="battle-history">Turn 11</h2><div class="spacer battle-history"><br></div><div class="battle-history">samangos withdrew rises the moon!<br></div><div class="battle-history">samangos sent out skies (<strong>Moltres</strong>)!<br></div><div class="battle-history">[The opposing skies's Pressure]<br><small>The opposing skies is exerting its pressure!</small><br></div><div class="spacer battle-history"><br></div><div class="battle-history">Drapion, come back!<br></div><div class="battle-history">Go! <strong>Meowstic</strong>!<br></div><div class="spacer battle-history"><br></div><h2 class="battle-history">Turn 12</h2><div class="chat chatmessage-frezemn"><strong style="color:#7166e5"><span class="username"><small class="groupsymbol"> </small>frezemn</span>:</strong> <em>good double</em></div><div class="spacer battle-history"><br></div><div class="battle-history">Meowstic used <strong>Light Screen</strong>!<br></div><div class="battle-history"><small>Light Screen made your team stronger against special moves!</small><br></div><div class="spacer battle-history"><br></div><div class="battle-history">The opposing skies used <strong>Flamethrower</strong>!<br></div><div class="battle-history"><small>(Meowstic lost <abbr title="−72/352">20.5%</abbr> of its health!)</small><br></div><div class="spacer battle-history"><br></div><h2 class="battle-history">Turn 13</h2><div class="chat chatmessage-frezemn"><strong style="color:#7166e5"><span class="username"><small class="groupsymbol"> </small>frezemn</span>:</strong> <em>solid</em></div><div class="chat chatmessage-samangos"><strong style="color:#19a55f"><span class="username"><small class="groupsymbol">☆</small>samangos</span>:</strong> <em>maan</em></div><div class="spacer battle-history"><br></div><div class="battle-history">Meowstic, come back!<br></div><div class="battle-history">Go! <strong>Milotic</strong>!<br></div><div class="spacer battle-history"><br></div><div class="battle-history">The opposing skies used <strong>Flamethrower</strong>!<br></div><div class="battle-history"><small>It's not very effective...</small><br></div><div class="battle-history"><small>(Milotic lost <abbr title="−25/394">6.3%</abbr> of its health!)</small><br></div><div class="spacer battle-history"><br></div><div class="battle-history"><small>Milotic restored a little HP using its Leftovers!</small><br></div><div class="spacer battle-history"><br></div><h2 class="battle-history">Turn 14</h2><div class="spacer battle-history"><br></div><div class="battle-history">The opposing skies used <strong>U-turn</strong>!<br></div><div class="battle-history"><small>(Milotic lost <abbr title="−49/394">12.4%</abbr> of its health!)</small><br></div><div class="spacer battle-history"><br></div><div class="battle-history">The opposing skies went back to samangos!<br></div><div class="battle-history">samangos sent out rises the moon (<strong>Meowscarada</strong>)!<br></div><div class="spacer battle-history"><br></div><div class="battle-history">Milotic used <strong>Scald</strong>!<br></div><div class="battle-history"><small>It's not very effective...</small><br></div><div class="battle-history"><small>(The opposing rises the moon lost 19% of its health!)</small><br></div><div class="battle-history"><small>The opposing rises the moon was burned!</small><br></div><div class="spacer battle-history"><br></div><div class="battle-history"><small>Milotic restored a little HP using its Leftovers!</small><br></div><div class="battle-history"><small>The opposing rises the moon was hurt by its burn!</small><br></div><div class="spacer battle-history"><br></div><h2 class="battle-history">Turn 15</h2><div class="chat chatmessage-samangos"><strong style="color:#19a55f"><span class="username"><small class="groupsymbol">☆</small>samangos</span>:</strong> <em>thats so tragic</em></div><div class="spacer battle-history"><br></div><div class="battle-history">Milotic, come back!<br></div><div class="battle-history">Go! <strong>Drapion</strong>!<br></div><div class="spacer battle-history"><br></div><div class="battle-history">The opposing rises the moon used <strong>Flower Trick</strong>!<br></div><div class="spacer battle-history"><br></div><div class="battle-history">[The opposing rises the moon's Protean]<br><small>The opposing rises the moon's type changed to Grass!</small><br></div><div class="battle-history"><small>It's not very effective...</small><br></div><div class="battle-history"><small>(Drapion lost <abbr title="−38/344">11.0%</abbr> of its health!)</small><br></div><div class="spacer battle-history"><br></div><div class="battle-history"><small>Drapion restored a little HP using its Black Sludge!</small><br></div><div class="battle-history"><small>The opposing rises the moon was hurt by its burn!</small><br></div><div class="spacer battle-history"><br></div><h2 class="battle-history">Turn 16</h2><div class="chat chatmessage-ebastia12 mine"><strong style="color:#33a819"><span class="username"><small class="groupsymbol">☆</small>ebastia12</span>:</strong> <em>Battle armor clutch</em></div><div class="spacer battle-history"><br></div><div class="battle-history">samangos withdrew rises the moon!<br></div><div class="battle-history">samangos sent out skies (<strong>Moltres</strong>)!<br></div><div class="battle-history">[The opposing skies's Pressure]<br><small>The opposing skies is exerting its pressure!</small><br></div><div class="spacer battle-history"><br></div><div class="battle-history">Drapion used <strong>Knock Off</strong>!<br></div><div class="battle-history"><small>(The opposing skies lost 19% of its health!)</small><br></div><div class="battle-history"><small>Drapion knocked off the opposing skies's Heavy-Duty Boots!</small><br></div><div class="spacer battle-history"><br></div><div class="battle-history"><small>Drapion restored a little HP using its Black Sludge!</small><br></div><div class="spacer battle-history"><br></div><h2 class="battle-history">Turn 17</h2><div class="spacer battle-history"><br></div><div class="battle-history">Drapion, come back!<br></div><div class="battle-history">Go! <strong>Milotic</strong>!<br></div><div class="spacer battle-history"><br></div><div class="battle-history">The opposing skies used <strong>Will-O-Wisp</strong>!<br></div><div class="battle-history"><small>Milotic was burned!</small><br></div><div class="spacer battle-history"><br></div><div class="battle-history"><small>Milotic restored a little HP using its Leftovers!</small><br></div><div class="battle-history"><small>Milotic was hurt by its burn!</small><br></div><div class="spacer battle-history"><br></div><h2 class="battle-history">Turn 18</h2><div class="spacer battle-history"><br></div><div class="battle-history">The opposing skies used <strong>U-turn</strong>!<br></div><div class="battle-history"><small>(Milotic lost <abbr title="−46/394">11.7%</abbr> of its health!)</small><br></div><div class="spacer battle-history"><br></div><div class="battle-history">The opposing skies went back to samangos!<br></div><div class="battle-history">samangos sent out a cabo (<strong>Slowbro</strong>)!<br></div><div class="spacer battle-history"><br></div><div class="battle-history">Milotic used <strong>Scald</strong>!<br></div><div class="battle-history"><small>It's not very effective...</small><br></div><div class="battle-history"><small>(The opposing a cabo lost 14% of its health!)</small><br></div><div class="spacer battle-history"><br></div><div class="battle-history"><small>Milotic restored a little HP using its Leftovers!</small><br></div><div class="battle-history"><small>Milotic was hurt by its burn!</small><br></div><div class="spacer battle-history"><br></div><h2 class="battle-history">Turn 19</h2><div class="spacer battle-history"><br></div><div class="battle-history">Milotic used <strong>Toxic</strong>!<br></div><div class="battle-history"><small>The opposing a cabo was badly poisoned!</small><br></div><div class="spacer battle-history"><br></div><div class="battle-history">The opposing a cabo used <strong>Teleport</strong>!<br></div><div class="spacer battle-history"><br></div><div class="battle-history">samangos sent out the shindig (<strong>Hitmontop</strong>)!<br></div><div class="spacer battle-history"><br></div><div class="battle-history"><small>Milotic restored a little HP using its Leftovers!</small><br></div><div class="battle-history"><small>Milotic was hurt by its burn!</small><br></div><div class="battle-history"><small>Your team's Light Screen wore off!</small><br></div><div class="spacer battle-history"><br></div><h2 class="battle-history">Turn 20</h2><div class="spacer battle-history"><br></div><div class="battle-history">Milotic used <strong>Recover</strong>!<br></div><div class="battle-history"><small>Milotic had its HP restored.</small><br></div><div class="spacer battle-history"><br></div><div class="battle-history">The opposing the shindig is paralyzed! It can't move!<br></div><div class="spacer battle-history"><br></div><div class="battle-history"><small>Milotic was hurt by its burn!</small><br></div><div class="spacer battle-history"><br></div><h2 class="battle-history">Turn 21</h2><div class="spacer battle-history"><br></div><div class="battle-history">samangos withdrew the shindig!<br></div><div class="battle-history">samangos sent out a cabo (<strong>Slowbro</strong>)!<br></div><div class="spacer battle-history"><br></div><div class="battle-history">Milotic used <strong>Scald</strong>!<br></div><div class="battle-history"><small>It's not very effective...</small><br></div><div class="battle-history"><small>(The opposing a cabo lost 15% of its health!)</small><br></div><div class="spacer battle-history"><br></div><div class="battle-history"><small>Milotic restored a little HP using its Leftovers!</small><br></div><div class="battle-history"><small>The opposing a cabo was hurt by poison!</small><br></div><div class="battle-history"><small>Milotic was hurt by its burn!</small><br></div><div class="spacer battle-history"><br></div><h2 class="battle-history">Turn 22</h2><div class="spacer battle-history"><br></div><div class="battle-history">Milotic used <strong>Scald</strong>!<br></div><div class="battle-history"><small>It's not very effective...</small><br></div><div class="battle-history"><small>(The opposing a cabo lost 14% of its health!)</small><br></div><div class="spacer battle-history"><br></div><div class="battle-history">The opposing a cabo used <strong>Teleport</strong>!<br></div><div class="spacer battle-history"><br></div><div class="battle-history">samangos sent out rises the moon (<strong>Meowscarada</strong>)!<br></div><div class="spacer battle-history"><br></div><div class="battle-history"><small>Milotic restored a little HP using its Leftovers!</small><br></div><div class="battle-history"><small>The opposing rises the moon was hurt by its burn!</small><br></div><div class="battle-history"><small>Milotic was hurt by its burn!</small><br></div><div class="spacer battle-history"><br></div><h2 class="battle-history">Turn 23</h2><div class="spacer battle-history"><br></div><div class="battle-history">Milotic, come back!<br></div><div class="battle-history">Go! <strong>Drapion</strong>!<br></div><div class="spacer battle-history"><br></div><div class="battle-history">The opposing rises the moon used <strong>U-turn</strong>!<br></div><div class="spacer battle-history"><br></div><div class="battle-history">[The opposing rises the moon's Protean]<br><small>The opposing rises the moon's type changed to Bug!</small><br></div><div class="battle-history"><small>(Drapion lost <abbr title="−77/344">22.4%</abbr> of its health!)</small><br></div><div class="spacer battle-history"><br></div><div class="battle-history">The opposing rises the moon went back to samangos!<br></div><div class="battle-history">samangos sent out the shindig (<strong>Hitmontop</strong>)!<br></div><div class="spacer battle-history"><br></div><div class="battle-history"><small>Drapion restored a little HP using its Black Sludge!</small><br></div><div class="spacer battle-history"><br></div><h2 class="battle-history">Turn 24</h2><div class="spacer battle-history"><br></div><div class="battle-history">Drapion, come back!<br></div><div class="battle-history">Go! <strong>Milotic</strong>!<br></div><div class="spacer battle-history"><br></div><div class="battle-history">The opposing the shindig used <strong>Close Combat</strong>!<br></div><div class="battle-history"><small>(Milotic lost <abbr title="−234/394">59.4%</abbr> of its health!)</small><br></div><div class="battle-history"><small>The opposing the shindig's Defense fell!</small><br></div><div class="battle-history"><small>The opposing the shindig's Sp. Def fell!</small><br></div><div class="spacer battle-history"><br></div><div class="battle-history"><small>Milotic restored a little HP using its Leftovers!</small><br></div><div class="battle-history"><small>Milotic was hurt by its burn!</small><br></div><div class="spacer battle-history"><br></div><h2 class="battle-history">Turn 25</h2><div class="spacer battle-history"><br></div><div class="battle-history">Milotic used <strong>Recover</strong>!<br></div><div class="battle-history"><small>Milotic had its HP restored.</small><br></div><div class="spacer battle-history"><br></div><div class="battle-history">The opposing the shindig used <strong>Close Combat</strong>!<br></div><div class="battle-history"><small>(Milotic lost <abbr title="−229/394">58.1%</abbr> of its health!)</small><br></div><div class="battle-history"><small>The opposing the shindig's Defense fell!</small><br></div><div class="battle-history"><small>The opposing the shindig's Sp. Def fell!</small><br></div><div class="spacer battle-history"><br></div><div class="battle-history"><small>Milotic restored a little HP using its Leftovers!</small><br></div><div class="battle-history"><small>Milotic was hurt by its burn!</small><br></div><div class="spacer battle-history"><br></div><h2 class="battle-history">Turn 26</h2><div class="spacer battle-history"><br></div><div class="battle-history">Milotic used <strong>Recover</strong>!<br></div><div class="battle-history"><small>Milotic had its HP restored.</small><br></div><div class="spacer battle-history"><br></div><div class="battle-history">The opposing the shindig used <strong>Close Combat</strong>!<br></div><div class="battle-history"><small>(Milotic lost <abbr title="−238/394">60.4%</abbr> of its health!)</small><br></div><div class="battle-history"><small>The opposing the shindig's Defense fell!</small><br></div><div class="battle-history"><small>The opposing the shindig's Sp. Def fell!</small><br></div><div class="spacer battle-history"><br></div><div class="battle-history"><small>Milotic restored a little HP using its Leftovers!</small><br></div><div class="battle-history"><small>Milotic was hurt by its burn!</small><br></div><div class="spacer battle-history"><br></div><h2 class="battle-history">Turn 27</h2><div class="spacer battle-history"><br></div><div class="battle-history">Milotic used <strong>Recover</strong>!<br></div><div class="battle-history"><small>Milotic had its HP restored.</small><br></div><div class="spacer battle-history"><br></div><div class="battle-history">The opposing the shindig used <strong>Close Combat</strong>!<br></div><div class="battle-history"><small>(Milotic lost <abbr title="−241/394">61.2%</abbr> of its health!)</small><br></div><div class="battle-history"><small>The opposing the shindig's Defense fell!</small><br></div><div class="battle-history"><small>The opposing the shindig's Sp. Def fell!</small><br></div><div class="spacer battle-history"><br></div><div class="battle-history"><small>Milotic restored a little HP using its Leftovers!</small><br></div><div class="battle-history"><small>Milotic was hurt by its burn!</small><br></div><div class="spacer battle-history"><br></div><h2 class="battle-history">Turn 28</h2><div class="spacer battle-history"><br></div><div class="battle-history">Milotic used <strong>Scald</strong>!<br></div><div class="battle-history"><small>A critical hit!</small><br></div><div class="battle-history"><small>(The opposing the shindig lost 100% of its health!)</small><br></div><div class="spacer battle-history"><br></div><div class="battle-history">The opposing the shindig fainted!<br></div><div class="spacer battle-history"><br></div><div class="battle-history"><small>Milotic restored a little HP using its Leftovers!</small><br></div><div class="battle-history"><small>Milotic was hurt by its burn!</small><br></div><div class="chat chatmessage-ebastia12 mine"><strong style="color:#33a819"><span class="username"><small class="groupsymbol">☆</small>ebastia12</span>:</strong> <em>My calc says crit didn't matter</em></div><div class="chat chatmessage-samangos"><strong style="color:#19a55f"><span class="username"><small class="groupsymbol">☆</small>samangos</span>:</strong> <em>alr ok</em></div><div class="chat chatmessage-logmonster"><strong style="color:#a36123"><span class="username"><small class="groupsymbol"> </small>logmonster</span>:</strong> <em>the calcler</em></div><div class="chat chatmessage-ebastia12 mine"><strong style="color:#33a819"><span class="username"><small class="groupsymbol">☆</small>ebastia12</span>:</strong> <em>Idk your spread but I know you're 252+ band</em></div><div class="spacer battle-history"><br></div><div class="battle-history">samangos sent out rises the moon (<strong>Meowscarada</strong>)!<br></div><div class="spacer battle-history"><br></div><h2 class="battle-history">Turn 29</h2><div class="spacer battle-history"><br></div><div class="battle-history">Milotic, come back!<br></div><div class="battle-history">Go! <strong>Hawlucha</strong>!<br></div><div class="spacer battle-history"><br></div><div class="battle-history">The opposing rises the moon used <strong>U-turn</strong>!<br></div><div class="spacer battle-history"><br></div><div class="battle-history">[The opposing rises the moon's Protean]<br><small>The opposing rises the moon's type changed to Bug!</small><br></div><div class="battle-history"><small>It's mostly ineffective...</small><br></div><div class="battle-history"><small>(Hawlucha lost <abbr title="−26/330">7.9%</abbr> of its health!)</small><br></div><div class="spacer battle-history"><br></div><div class="battle-history">The opposing rises the moon went back to samangos!<br></div><div class="battle-history">samangos sent out a cabo (<strong>Slowbro</strong>)!<br></div><div class="spacer battle-history"><br></div><div class="battle-history"><small>The opposing a cabo was hurt by poison!</small><br></div><div class="spacer battle-history"><br></div><h2 class="battle-history">Turn 30</h2><div class="spacer battle-history"><br></div><div class="battle-history">Hawlucha, come back!<br></div><div class="battle-history">Go! Kyurem (<strong>Kyurem-Black</strong>)!<br></div><div class="battle-history">[Kyurem's Teravolt]<br><small>Kyurem is radiating a bursting aura!</small><br></div><div class="spacer battle-history"><br></div><div class="battle-history">The opposing a cabo used <strong>Scald</strong>!<br></div><div class="battle-history"><small>It's not very effective...</small><br></div><div class="battle-history"><small>(Kyurem lost <abbr title="−59/391">15.1%</abbr> of its health!)</small><br></div><div class="spacer battle-history"><br></div><div class="battle-history"><small>The opposing a cabo was hurt by poison!</small><br></div><div class="spacer battle-history"><br></div><h2 class="battle-history">Turn 31</h2><div class="chat"><small> FletchHead joined</small></div><div class="spacer battle-history"><br></div><div class="battle-history">Kyurem used <strong>Fusion Bolt</strong>!<br></div><div class="battle-history"><small>It's super effective!</small><br></div><div class="battle-history"><small>(The opposing a cabo lost 46% of its health!)</small><br></div><div class="spacer battle-history"><br></div><div class="battle-history">The opposing a cabo used <strong>Teleport</strong>!<br></div><div class="spacer battle-history"><br></div><div class="battle-history">samangos sent out nuclear kittens (<strong>Tinkaton</strong>)!<br></div><div class="battle-history">[The opposing nuclear kittens's Mold Breaker]<br><small>The opposing nuclear kittens breaks the mold!</small><br></div><div class="spacer battle-history"><br></div><h2 class="battle-history">Turn 32</h2><div class="spacer battle-history"><br></div><div class="battle-history">Kyurem, come back!<br></div><div class="battle-history">Go! <strong>Drapion</strong>!<br></div><div class="spacer battle-history"><br></div><div class="battle-history">The opposing nuclear kittens used <strong>Gigaton Hammer</strong>!<br></div><div class="battle-history"><small>(Drapion lost <abbr title="−144/344">41.9%</abbr> of its health!)</small><br></div><div class="spacer battle-history"><br></div><div class="battle-history">Drapion fainted!<br></div><div class="chat"><small></small></div><div class="spacer battle-history"><br></div><div class="battle-history">Go! <strong>Meowstic</strong>!<br></div><div class="spacer battle-history"><br></div><h2 class="battle-history">Turn 33</h2><div class="spacer battle-history"><br></div><div class="battle-history">Meowstic used <strong>Reflect</strong>!<br></div><div class="battle-history"><small>Reflect made your team stronger against physical moves!</small><br></div><div class="spacer battle-history"><br></div><div class="battle-history">The opposing nuclear kittens used <strong>Knock Off</strong>!<br></div><div class="battle-history"><small>It's super effective!</small><br></div><div class="battle-history"><small>(Meowstic lost <abbr title="−12/352">3.4%</abbr> of its health!)</small><br></div><div class="battle-history"><small>The opposing nuclear kittens knocked off Meowstic's Light Clay!</small><br></div><div class="spacer battle-history"><br></div><div class="battle-history">Meowstic fainted!<br></div><div class="spacer battle-history"><br></div><div class="battle-history">Go! <strong>Rillaboom</strong>!<br></div><div class="battle-history">[Rillaboom's Grassy Surge]<br><small>Grass grew to cover the battlefield!</small><br></div><div class="spacer battle-history"><br></div><h2 class="battle-history">Turn 34</h2><div class="spacer battle-history"><br></div><div class="battle-history">samangos withdrew nuclear kittens!<br></div><div class="battle-history">samangos sent out skies (<strong>Moltres</strong>)!<br></div><div class="battle-history">[The opposing skies's Pressure]<br><small>The opposing skies is exerting its pressure!</small><br></div><div class="spacer battle-history"><br></div><div class="battle-history">Rillaboom used <strong>U-turn</strong>!<br></div><div class="battle-history"><small>It's mostly ineffective...</small><br></div><div class="battle-history"><small>(The opposing skies lost 4% of its health!)</small><br></div><div class="spacer battle-history"><br></div><div class="battle-history">Rillaboom went back to ebastia12!<br></div><div class="battle-history">Go! Kyurem (<strong>Kyurem-Black</strong>)!<br></div><div class="battle-history">[Kyurem's Teravolt]<br><small>Kyurem is radiating a bursting aura!</small><br></div><div class="spacer battle-history"><br></div><div class="battle-history"><small>Kyurem's HP was restored.</small><br></div><div class="spacer battle-history"><br></div><h2 class="battle-history">Turn 35</h2><div class="spacer battle-history"><br></div><div class="battle-history">Kyurem used <strong>Fusion Bolt</strong>!<br></div><div class="battle-history"><small>It's super effective!</small><br></div><div class="battle-history"><small>(The opposing skies lost 52% of its health!)</small><br></div><div class="spacer battle-history"><br></div><div class="battle-history">The opposing skies used <strong>Flamethrower</strong>!<br></div><div class="battle-history"><small>(Kyurem lost <abbr title="−145/391">37.1%</abbr> of its health!)</small><br></div><div class="spacer battle-history"><br></div><div class="battle-history"><small>Kyurem's HP was restored.</small><br></div><div class="spacer battle-history"><br></div><h2 class="battle-history">Turn 36</h2><div class="spacer battle-history"><br></div><div class="battle-history">samangos withdrew skies!<br></div><div class="battle-history">samangos sent out rises the moon (<strong>Meowscarada</strong>)!<br></div><div class="spacer battle-history"><br></div><div class="battle-history">Kyurem is paralyzed! It can't move!<br></div><div class="spacer battle-history"><br></div><div class="battle-history"><small>The opposing rises the moon's HP was restored.</small><br></div><div class="battle-history"><small>Kyurem's HP was restored.</small><br></div><div class="battle-history"><small>The opposing rises the moon was hurt by its burn!</small><br></div><div class="spacer battle-history"><br></div><h2 class="battle-history">Turn 37</h2><div class="chat"><small> FletchHead left</small></div><div class="spacer battle-history"><br></div><div class="battle-history">Kyurem, come back!<br></div><div class="battle-history">Go! <strong>Hawlucha</strong>!<br></div><div class="battle-history"><small>(Hawlucha used its Grassy Seed!)</small><br></div><div class="battle-history"><small>The Grassy Seed raised Hawlucha's Defense!</small><br></div><div class="spacer battle-history"><br></div><div class="battle-history">The opposing rises the moon used <strong>Low Kick</strong>!<br></div><div class="spacer battle-history"><br></div><div class="battle-history">[The opposing rises the moon's Protean]<br><small>The opposing rises the moon's type changed to Fighting!</small><br></div><div class="battle-history"><small>It's not very effective...</small><br></div><div class="battle-history"><small>(Hawlucha lost <abbr title="−10/330">3.0%</abbr> of its health!)</small><br></div><div class="spacer battle-history"><br></div><div class="battle-history"><small>The opposing rises the moon's HP was restored.</small><br></div><div class="battle-history"><small>The opposing rises the moon was hurt by its burn!</small><br></div><div class="spacer battle-history"><br></div><h2 class="battle-history">Turn 38</h2><div class="spacer battle-history"><br></div><div class="battle-history">samangos withdrew rises the moon!<br></div><div class="battle-history">samangos sent out nuclear kittens (<strong>Tinkaton</strong>)!<br></div><div class="battle-history">[The opposing nuclear kittens's Mold Breaker]<br><small>The opposing nuclear kittens breaks the mold!</small><br></div><div class="spacer battle-history"><br></div><div class="battle-history">Hawlucha used <strong>Swords Dance</strong>!<br></div><div class="battle-history"><small>Hawlucha's Attack rose sharply!</small><br></div><div class="spacer battle-history"><br></div><div class="battle-history"><small>The grass disappeared from the battlefield.</small><br></div><div class="spacer battle-history"><br></div><h2 class="battle-history">Turn 39</h2><div class="spacer battle-history"><br></div><div class="battle-history">The opposing nuclear kittens used <strong>Endure</strong>!<br></div><div class="battle-history"><small>The opposing nuclear kittens braced itself!</small><br></div><div class="spacer battle-history"><br></div><div class="battle-history">Hawlucha used <strong>Close Combat</strong>!<br></div><div class="battle-history"><small>A critical hit!</small><br></div><div class="battle-history"><small>The opposing nuclear kittens endured the hit!</small><br></div><div class="battle-history"><small>(The opposing nuclear kittens lost 99% of its health!)</small><br></div><div class="battle-history"><small>Hawlucha's Defense fell!</small><br></div><div class="battle-history"><small>Hawlucha's Sp. Def fell!</small><br></div><div class="battle-history"><small>The opposing nuclear kittens held up its Red Card against Hawlucha!</small><br></div><div class="spacer battle-history"><br></div><div class="battle-history"><strong>Milotic</strong> was dragged out!<br></div><div class="spacer battle-history"><br></div><div class="battle-history"><small>Milotic restored a little HP using its Leftovers!</small><br></div><div class="battle-history"><small>Milotic was hurt by its burn!</small><br></div><div class="spacer battle-history"><br></div><h2 class="battle-history">Turn 40</h2><div class="spacer battle-history"><br></div><div class="battle-history">Milotic, come back!<br></div><div class="battle-history">Go! <strong>Rillaboom</strong>!<br></div><div class="battle-history">[Rillaboom's Grassy Surge]<br><small>Grass grew to cover the battlefield!</small><br></div><div class="spacer battle-history"><br></div><div class="battle-history">The opposing nuclear kittens used <strong>Knock Off</strong>!<br></div><div class="battle-history"><small>(Rillaboom lost <abbr title="−44/341">12.9%</abbr> of its health!)</small><br></div><div class="battle-history"><small>The opposing nuclear kittens knocked off Rillaboom's Protective Pads!</small><br></div><div class="spacer battle-history"><br></div><div class="battle-history"><small>Rillaboom's HP was restored.</small><br></div><div class="battle-history"><small>The opposing nuclear kittens's HP was restored.</small><br></div><div class="battle-history"><small>Your team's Reflect wore off!</small><br></div><div class="spacer battle-history"><br></div><h2 class="battle-history">Turn 41</h2><div class="chat chatmessage-logmonster"><strong style="color:#a36123"><span class="username"><small class="groupsymbol"> </small>logmonster</span>:</strong> <em>great bring</em></div><div class="chat chatmessage-samangos"><strong style="color:#19a55f"><span class="username"><small class="groupsymbol">☆</small>samangos</span>:</strong> <em>hackson is my goat for that one</em></div><div class="spacer battle-history"><br></div><div class="battle-history">samangos withdrew nuclear kittens!<br></div><div class="battle-history">samangos sent out skies (<strong>Moltres</strong>)!<br></div><div class="battle-history">[The opposing skies's Pressure]<br><small>The opposing skies is exerting its pressure!</small><br></div><div class="spacer battle-history"><br></div><div class="battle-history">Rillaboom used <strong>U-turn</strong>!<br></div><div class="battle-history"><small>It's mostly ineffective...</small><br></div><div class="battle-history"><small>A critical hit!</small><br></div><div class="battle-history"><small>(The opposing skies lost 7% of its health!)</small><br></div><div class="chat chatmessage-samangos"><strong style="color:#19a55f"><span class="username"><small class="groupsymbol">☆</small>samangos</span>:</strong> <em>im really mad at my luck</em></div><div class="chat chatmessage-samangos"><strong style="color:#19a55f"><span class="username"><small class="groupsymbol">☆</small>samangos</span>:</strong> <em>wtf are these crit rates</em></div><div class="spacer battle-history"><br></div><div class="battle-history">Rillaboom went back to ebastia12!<br></div><div class="battle-history">Go! <strong>Hawlucha</strong>!<br></div><div class="spacer battle-history"><br></div><h2 class="battle-history">Turn 42</h2><div class="spacer battle-history"><br></div><div class="battle-history">samangos withdrew skies!<br></div><div class="battle-history">samangos sent out a cabo (<strong>Slowbro</strong>)!<br></div><div class="spacer battle-history"><br></div><div class="battle-history">Hawlucha used <strong>Acrobatics</strong>!<br></div><div class="battle-history"><small>(The opposing a cabo lost 29% of its health!)</small><br></div><div class="spacer battle-history"><br></div><div class="battle-history"><small>The opposing a cabo's HP was restored.</small><br></div><div class="battle-history"><small>The opposing a cabo was hurt by poison!</small><br></div><div class="spacer battle-history"><br></div><h2 class="battle-history">Turn 43</h2><div class="spacer battle-history"><br></div><div class="battle-history">samangos withdrew a cabo!<br></div><div class="battle-history">samangos sent out skies (<strong>Moltres</strong>)!<br></div><div class="battle-history">[The opposing skies's Pressure]<br><small>The opposing skies is exerting its pressure!</small><br></div><div class="spacer battle-history"><br></div><div class="battle-history">Hawlucha used <strong>Acrobatics</strong>!<br></div><div class="battle-history"><small>(The opposing skies lost 18% of its health!)</small><br></div><div class="spacer battle-history"><br></div><div class="battle-history">The opposing skies fainted!<br></div><div class="chat"><small> frezemn left</small></div><div class="spacer battle-history"><br></div><div class="battle-history">samangos sent out rises the moon (<strong>Meowscarada</strong>)!<br></div><div class="spacer battle-history"><br></div><h2 class="battle-history">Turn 44</h2><div class="spacer battle-history"><br></div><div class="battle-history">The opposing rises the moon used <strong>Triple Axel</strong>!<br></div><div class="spacer battle-history"><br></div><div class="battle-history">[The opposing rises the moon's Protean]<br><small>The opposing rises the moon's type changed to Ice!</small><br></div><div class="battle-history"><small>It's super effective!</small><br></div><div class="battle-history"><small>(Hawlucha lost <abbr title="−58/330">17.6%</abbr> of its health!)</small><br></div><div class="battle-history"><small>It's super effective!</small><br></div><div class="battle-history"><small>(Hawlucha lost <abbr title="−120/330">36.4%</abbr> of its health!)</small><br></div><div class="battle-history"><small>It's super effective!</small><br></div><div class="battle-history"><small>(Hawlucha lost <abbr title="−116/330">35.2%</abbr> of its health!)</small><br></div><div class="spacer battle-history"><br></div><div class="battle-history">Hawlucha fainted!<br></div><div class="battle-history"><small>The Pokémon was hit 3 times!</small><br></div><div class="spacer battle-history"><br></div><div class="battle-history"><small>The opposing rises the moon's HP was restored.</small><br></div><div class="battle-history"><small>The opposing rises the moon was hurt by its burn!</small><br></div><div class="battle-history"><small>The grass disappeared from the battlefield.</small><br></div><div class="chat"><small> frezemn joined</small></div><div class="chat chatmessage-samangos"><strong style="color:#19a55f"><span class="username"><small class="groupsymbol">☆</small>samangos</span>:</strong> <em>THE DEMON IS DEAD</em></div><div class="spacer battle-history"><br></div><div class="battle-history">Go! Kyurem (<strong>Kyurem-Black</strong>)!<br></div><div class="battle-history">[Kyurem's Teravolt]<br><small>Kyurem is radiating a bursting aura!</small><br></div><div class="spacer battle-history"><br></div><h2 class="battle-history">Turn 45</h2><div class="chat chatmessage-samangos"><strong style="color:#19a55f"><span class="username"><small class="groupsymbol">☆</small>samangos</span>:</strong> <em>...theres 2 of them</em></div><div class="spacer battle-history"><br></div><div class="battle-history">samangos withdrew rises the moon!<br></div><div class="battle-history">samangos sent out a cabo (<strong>Slowbro</strong>)!<br></div><div class="spacer battle-history"><br></div><div class="battle-history">Kyurem used <strong>Earth Power</strong>!<br></div><div class="battle-history"><small>(The opposing a cabo lost 30% of its health!)</small><br></div><div class="spacer battle-history"><br></div><div class="battle-history"><small>The opposing a cabo was hurt by poison!</small><br></div><div class="spacer battle-history"><br></div><h2 class="battle-history">Turn 46</h2><div class="spacer battle-history"><br></div><div class="battle-history">samangos withdrew a cabo!<br></div><div class="battle-history">samangos sent out rises the moon (<strong>Meowscarada</strong>)!<br></div><div class="spacer battle-history"><br></div><div class="battle-history">Kyurem used <strong>Earth Power</strong>!<br></div><div class="battle-history"><small>It's not very effective...</small><br></div><div class="battle-history"><small>(The opposing rises the moon lost 23% of its health!)</small><br></div><div class="spacer battle-history"><br></div><div class="battle-history"><small>The opposing rises the moon was hurt by its burn!</small><br></div><div class="spacer battle-history"><br></div><h2 class="battle-history">Turn 47</h2><div class="spacer battle-history"><br></div><div class="battle-history">Kyurem, come back!<br></div><div class="battle-history">Go! <strong>Milotic</strong>!<br></div><div class="spacer battle-history"><br></div><div class="battle-history">The opposing rises the moon used <strong>Low Kick</strong>!<br></div><div class="spacer battle-history"><br></div><div class="battle-history">[The opposing rises the moon's Protean]<br><small>The opposing rises the moon's type changed to Fighting!</small><br></div><div class="battle-history"><small>(Milotic lost <abbr title="−19/394">4.8%</abbr> of its health!)</small><br></div><div class="spacer battle-history"><br></div><div class="battle-history">Milotic fainted!<br></div><div class="spacer battle-history"><br></div><div class="battle-history"><small>The opposing rises the moon was hurt by its burn!</small><br></div><div class="spacer battle-history"><br></div><div class="battle-history">Go! <strong>Rillaboom</strong>!<br></div><div class="battle-history">[Rillaboom's Grassy Surge]<br><small>Grass grew to cover the battlefield!</small><br></div><div class="spacer battle-history"><br></div><h2 class="battle-history">Turn 48</h2><div class="chat"><small> logmonster left</small></div><div class="spacer battle-history"><br></div><div class="battle-history">samangos withdrew rises the moon!<br></div><div class="battle-history">samangos sent out a cabo (<strong>Slowbro</strong>)!<br></div><div class="spacer battle-history"><br></div><div class="battle-history">Rillaboom used <strong>Grassy Glide</strong>!<br></div><div class="battle-history"><small>It's super effective!</small><br></div><div class="battle-history"><small>(The opposing a cabo lost 39% of its health!)</small><br></div><div class="spacer battle-history"><br></div><div class="battle-history">The opposing a cabo fainted!<br></div><div class="spacer battle-history"><br></div><div class="battle-history"><small>Rillaboom's HP was restored.</small><br></div><div class="spacer battle-history"><br></div><div class="battle-history">samangos sent out rises the moon (<strong>Meowscarada</strong>)!<br></div><div class="spacer battle-history"><br></div><h2 class="battle-history">Turn 49</h2><div class="spacer battle-history"><br></div><div class="battle-history">Rillaboom used <strong>Grassy Glide</strong>!<br></div><div class="battle-history"><small>It's not very effective...</small><br></div><div class="battle-history"><small>(The opposing rises the moon lost 28% of its health!)</small><br></div><div class="spacer battle-history"><br></div><div class="battle-history">The opposing rises the moon fainted!<br></div><div class="spacer battle-history"><br></div><div class="battle-history"><small>Rillaboom's HP was restored.</small><br></div><div class="chat chatmessage-samangos"><strong style="color:#19a55f"><span class="username"><small class="groupsymbol">☆</small>samangos</span>:</strong> <em>gg</em></div><div class="spacer battle-history"><br></div><div class="battle-history">samangos sent out nuclear kittens (<strong>Tinkaton</strong>)!<br></div><div class="battle-history">[The opposing nuclear kittens's Mold Breaker]<br><small>The opposing nuclear kittens breaks the mold!</small><br></div><div class="spacer battle-history"><br></div><h2 class="battle-history">Turn 50</h2><div class="chat chatmessage-ebastia12 mine"><strong style="color:#33a819"><span class="username"><small class="groupsymbol">☆</small>ebastia12</span>:</strong> <em>gg</em></div><div class="spacer battle-history"><br></div><div class="battle-history">Rillaboom used <strong>Grassy Glide</strong>!<br></div><div class="battle-history"><small>It's not very effective...</small><br></div><div class="battle-history"><small>(The opposing nuclear kittens lost 7% of its health!)</small><br></div><div class="spacer battle-history"><br></div><div class="battle-history">The opposing nuclear kittens fainted!<br></div><div class="spacer battle-history"><br></div><div class="battle-history"><strong>ebastia12</strong> won the battle!<br></div></div><div class="inner-preempt message-log"></div></div></div>
</div>
<script>
let daily = Math.floor(Date.now()/1000/60/60/24);document.write('<script src="https://play.pokemonshowdown.com/js/replay-embed.js?version'+daily+'"></'+'script>');
</script>
