<!DOCTYPE html>
<meta charset="utf-8" />
<!-- version 1 -->
<title>[Gen 9 Champions] Draft replay: EmolgaTheFlyingRat vs. Mcgriddlesoe</title>
<style>
html,body {font-family:Verdana, sans-serif;font-size:10pt;margin:0;padding:0;}body{padding:12px 0;} .battle-log {font-family:Verdana, sans-serif;font-size:10pt;} .battle-log-inline {border:1px solid #AAAAAA;background:#EEF2F5;color:black;max-width:640px;margin:0 auto 80px;padding-bottom:5px;} .battle-log .inner {padding:4px 8px 0px 8px;} .battle-log .inner-preempt {padding:0 8px 4px 8px;} .battle-log .inner-after {margin-top:0.5em;} .battle-log h2 {margin:0.5em -8px;padding:4px 8px;border:1px solid #AAAAAA;background:#E0E7EA;border-left:0;border-right:0;font-family:Verdana, sans-serif;font-size:13pt;} .battle-log .chat {vertical-align:middle;padding:3px 0 3px 0;font-size:8pt;} .battle-log .chat strong {color:#40576A;} .battle-log .chat em {padding:1px 4px 1px 3px;color:#000000;font-style:normal;} .chat.mine {background:rgba(0,0,0,0.05);margin-left:-8px;margin-right:-8px;padding-left:8px;padding-right:8px;} .spoiler {color:#BBBBBB;background:#BBBBBB;padding:0px 3px;} .spoiler:hover, .spoiler:active, .spoiler-shown {color:#000000;background:#E2E2E2;padding:0px 3px;} .spoiler a {color:#BBBBBB;} .spoiler:hover a, .spoiler:active a, .spoiler-shown a {color:#2288CC;} .chat code, .chat .spoiler:hover code, .chat .spoiler:active code, .chat .spoiler-shown code {border:1px solid #C0C0C0;background:#EEEEEE;color:black;padding:0 2px;} .chat .spoiler code {border:1px solid #CCCCCC;background:#CCCCCC;color:#CCCCCC;} .battle-log .rated {padding:3px 4px;} .battle-log .rated strong {color:white;background:#89A;padding:1px 4px;border-radius:4px;} .spacer {margin-top:0.5em;} .message-announce {background:#6688AA;color:white;padding:1px 4px 2px;} .message-announce a, .broadcast-green a, .broadcast-blue a, .broadcast-red a {color:#DDEEFF;} .broadcast-green {background-color:#559955;color:white;padding:2px 4px;} .broadcast-blue {background-color:#6688AA;color:white;padding:2px 4px;} .infobox {border:1px solid #6688AA;padding:2px 4px;} .infobox-limited {max-height:200px;overflow:auto;overflow-x:hidden;} .broadcast-red {background-color:#AA5544;color:white;padding:2px 4px;} .message-learn-canlearn {font-weight:bold;color:#228822;text-decoration:underline;} .message-learn-cannotlearn {font-weight:bold;color:#CC2222;text-decoration:underline;} .message-effect-weak {font-weight:bold;color:#CC2222;} .message-effect-resist {font-weight:bold;color:#6688AA;} .message-effect-immune {font-weight:bold;color:#666666;} .message-learn-list {margin-top:0;margin-bottom:0;} .message-throttle-notice, .message-error {color:#992222;} .message-overflow, .chat small.message-overflow {font-size:0pt;} .message-overflow::before {font-size:9pt;content:'...';} .subtle {color:#3A4A66;}
</style>
<div class="wrapper replay-wrapper" style="max-width:1180px;margin:0 auto">
<input type="hidden" name="replayid" value="unregisteredserver-gen9championsdraft-75" />
<div class="battle"></div><div class="battle-log"></div><div class="replay-controls"></div><div class="replay-controls-2"></div>
<h1 style="font-weight:normal;text-align:center"><strong>[Gen 9 Champions] Draft</strong><br /><a href="http://pokemonshowdown.com/users/emolgatheflyingrat" class="subtle" target="_blank">EmolgaTheFlyingRat</a> vs. <a href="http://pokemonshowdown.com/users/mcgriddlesoe" class="subtle" target="_blank">Mcgriddlesoe</a></h1>
<script type="text/plain" class="battle-log-data">|j|☆EmolgaTheFlyingRat

|j|☆Mcgriddlesoe
|t:|1780869931
|gametype|singles
|player|p1|EmolgaTheFlyingRat|lady|
|player|p2|Mcgriddlesoe|1|
|gen|9
|tier|[Gen 9 Champions] Draft
|rule|Endless Battle Clause: Forcing endless battles is banned
|rule|Species Clause: Limit one of each Pokémon
|rule|Sleep Clause Mod: Limit one foe put to sleep
|rule|OHKO Clause: OHKO moves are banned
|rule|Evasion Clause: Evasion abilities, items, and moves are banned
|rule|Evasion Abilities Clause: Evasion abilities are banned
|rule|Evasion Items Clause: Evasion items are banned
|rule|Evasion Moves Clause: Evasion moves are banned
|clearpoke
|poke|p1|Primarina, M|
|poke|p1|Blaziken, M|
|poke|p1|Bronzong|
|poke|p1|Zapdos|
|poke|p1|Crabominable, F|
|poke|p1|Meloetta|
|poke|p2|Cyclizar, M|
|poke|p2|Starmie|
|poke|p2|Greninja, F|
|poke|p2|Pecharunt|
|poke|p2|Torterra, M|
|poke|p2|Ting-Lu, shiny|
|teampreview
|c|☆Mcgriddlesoe|glhf
|c|☆EmolgaTheFlyingRat|glhf
|
|t:|1780869979
|teamsize|p1|6
|teamsize|p2|6
|start
|switch|p1a: Bliss|Primarina, M|363\/363
|switch|p2a: Torterra|Torterra, M|100\/100
|turn|1
|
|t:|1780869996
|switch|p1a: Goldfish|Blaziken, M|349\/349
|move|p2a: Torterra|Stealth Rock|p1a: Goldfish
|-sidestart|p1: EmolgaTheFlyingRat|move: Stealth Rock
|
|upkeep
|turn|2
|
|t:|1780870008
|switch|p2a: All Earz|Pecharunt|100\/100
|move|p1a: Goldfish|Flare Blitz|p2a: All Earz
|-damage|p2a: All Earz|53\/100
|-damage|p1a: Goldfish|289\/349|[from] Recoil
|-damage|p1a: Goldfish|255\/349|[from] item: Life Orb
|
|-ability|p1a: Goldfish|Speed Boost|boost
|-boost|p1a: Goldfish|spe|1
|upkeep
|turn|3
|
|t:|1780870014
|move|p1a: Goldfish|Swords Dance|p1a: Goldfish
|-boost|p1a: Goldfish|atk|2
|move|p2a: All Earz|Recover|p2a: All Earz
|-heal|p2a: All Earz|100\/100
|
|-ability|p1a: Goldfish|Speed Boost|boost
|-boost|p1a: Goldfish|spe|1
|upkeep
|turn|4
|
|t:|1780870036
|move|p1a: Goldfish|Flare Blitz|p2a: All Earz
|-damage|p2a: All Earz|3\/100
|-damage|p1a: Goldfish|133\/349|[from] Recoil
|-damage|p1a: Goldfish|99\/349|[from] item: Life Orb
|move|p2a: All Earz|Malignant Chain|p1a: Goldfish
|-damage|p1a: Goldfish|0 fnt
|faint|p1a: Goldfish
|
|upkeep
|
|t:|1780870050
|switch|p1a: Big Z|Zapdos|383\/383
|turn|5
|
|t:|1780870058
|move|p2a: All Earz|Parting Shot|p1a: Big Z
|-unboost|p1a: Big Z|atk|1
|-unboost|p1a: Big Z|spa|1
|
|t:|1780870065
|switch|p2a: Ting-Lucifer|Ting-Lu, shiny|100\/100|[from] Parting Shot
|-ability|p2a: Ting-Lucifer|Vessel of Ruin
|move|p1a: Big Z|Hurricane|p2a: Ting-Lucifer
|-damage|p2a: Ting-Lucifer|84\/100
|
|upkeep
|turn|6
|
|t:|1780870091
|switch|p2a: All Earz|Pecharunt|3\/100
|move|p1a: Big Z|U-turn|p2a: All Earz
|-resisted|p2a: All Earz|2
|-damage|p2a: All Earz|2\/100
|j| tony toucannon
|
|t:|1780870141
|switch|p1a: Kip|Meloetta|403\/403|[from] U-turn
|-damage|p1a: Kip|353\/403|[from] Stealth Rock
|
|upkeep
|turn|7
|
|t:|1780870152
|move|p2a: All Earz|Malignant Chain|p1a: Kip
|-damage|p1a: Kip|293\/403
|move|p1a: Kip|Knock Off|p2a: All Earz
|-supereffective|p2a: All Earz|1
|-enditem|p2a: All Earz|Colbur Berry|[eat]
|-enditem|p2a: All Earz|Colbur Berry|[weaken]
|-damage|p2a: All Earz|0 fnt
|faint|p2a: All Earz
|
|upkeep
|
|t:|1780870174
|switch|p2a: Torterra|Torterra, M|100\/100
|turn|8
|
|t:|1780870182
|switch|p1a: Umpire|Bronzong|338\/338
|move|p2a: Torterra|Shell Smash|p2a: Torterra
|-unboost|p2a: Torterra|def|1
|-unboost|p2a: Torterra|spd|1
|-boost|p2a: Torterra|atk|2
|-boost|p2a: Torterra|spa|2
|-boost|p2a: Torterra|spe|2
|-enditem|p2a: Torterra|White Herb
|-clearnegativeboost|p2a: Torterra|[silent]
|
|upkeep
|turn|9
|
|t:|1780870226
|move|p2a: Torterra|Wood Hammer|p1a: Umpire
|-resisted|p1a: Umpire|1
|-damage|p1a: Umpire|177\/338
|-damage|p2a: Torterra|85\/100|[from] Recoil
|move|p1a: Umpire|Trick Room|p1a: Umpire
|-fieldstart|move: Trick Room|[of] p1a: Umpire
|
|upkeep
|turn|10
|
|t:|1780870240
|move|p1a: Umpire|Body Press|p2a: Torterra
|-damage|p2a: Torterra|63\/100
|move|p2a: Torterra|Wood Hammer|p1a: Umpire
|-resisted|p1a: Umpire|1
|-damage|p1a: Umpire|30\/338
|-damage|p2a: Torterra|48\/100|[from] Recoil
|
|upkeep
|turn|11
|
|t:|1780870246
|move|p1a: Umpire|Body Press|p2a: Torterra
|-damage|p2a: Torterra|27\/100
|move|p2a: Torterra|Wood Hammer|p1a: Umpire
|-resisted|p1a: Umpire|1
|-damage|p1a: Umpire|0 fnt
|faint|p1a: Umpire
|-damage|p2a: Torterra|24\/100|[from] Recoil
|
|upkeep
|
|t:|1780870255
|switch|p1a: Bliss|Primarina, M|363\/363
|-damage|p1a: Bliss|318\/363|[from] Stealth Rock
|turn|12
|
|t:|1780870273
|move|p1a: Bliss|Moonblast|p2a: Torterra
|-damage|p2a: Torterra|0 fnt
|faint|p2a: Torterra
|
|upkeep
|
|t:|1780870279
|switch|p2a: Ting-Lucifer|Ting-Lu, shiny|84\/100
|-ability|p2a: Ting-Lucifer|Vessel of Ruin
|turn|13
|
|t:|1780870307
|move|p1a: Bliss|Moonblast|p2a: Ting-Lucifer
|-supereffective|p2a: Ting-Lucifer|1
|-damage|p2a: Ting-Lucifer|0 fnt
|faint|p2a: Ting-Lucifer
|
|-fieldend|move: Trick Room
|upkeep
|c|☆EmolgaTheFlyingRat|jesus
|
|t:|1780870312
|switch|p2a: Coqui|Greninja, F|100\/100
|turn|14
|
|t:|1780870327
|detailschange|p2a: Coqui|Greninja-Mega, F
|-mega|p2a: Coqui|Greninja|Greninjite
|move|p2a: Coqui|Gunk Shot|p1a: Bliss
|-start|p2a: Coqui|typechange|Poison|[from] ability: Protean
|-supereffective|p1a: Bliss|1
|-damage|p1a: Bliss|0 fnt
|faint|p1a: Bliss
|
|upkeep
|
|t:|1780870357
|switch|p1a: Crowbar|Crabominable, F|397\/397
|-damage|p1a: Crowbar|348\/397|[from] Stealth Rock
|turn|15
|
|t:|1780870363
|detailschange|p1a: Crowbar|Crabominable-Mega, F
|-mega|p1a: Crowbar|Crabominable|Crabominite
|move|p2a: Coqui|U-turn|p1a: Crowbar
|-resisted|p1a: Crowbar|1
|-damage|p1a: Crowbar|313\/397
|
|t:|1780870367
|switch|p2a: Spin5Eva|Starmie|100\/100|[from] U-turn
|move|p1a: Crowbar|Earthquake|p2a: Spin5Eva
|-damage|p2a: Spin5Eva|38\/100
|
|upkeep
|turn|16
|
|t:|1780870374
|switch|p1a: Kip|Meloetta|293\/403
|-damage|p1a: Kip|243\/403|[from] Stealth Rock
|move|p2a: Spin5Eva|Meteor Beam||[still]
|-prepare|p2a: Spin5Eva|Meteor Beam
|-boost|p2a: Spin5Eva|spa|1
|-enditem|p2a: Spin5Eva|Power Herb
|-anim|p2a: Spin5Eva|Meteor Beam|p1a: Kip
|-damage|p1a: Kip|157\/403
|
|upkeep
|turn|17
|
|t:|1780870388
|move|p2a: Spin5Eva|Scald|p1a: Kip
|-damage|p1a: Kip|84\/403
|-status|p1a: Kip|brn
|move|p1a: Kip|U-turn|p2a: Spin5Eva
|-supereffective|p2a: Spin5Eva|1
|-damage|p2a: Spin5Eva|22\/100
|
|t:|1780870392
|switch|p1a: Big Z|Zapdos|383\/383|[from] U-turn
|
|upkeep
|turn|18
|
|t:|1780870395
|move|p2a: Spin5Eva|Ice Beam|p1a: Big Z
|-supereffective|p1a: Big Z|1
|-damage|p1a: Big Z|67\/383
|move|p1a: Big Z|U-turn|p2a: Spin5Eva
|-supereffective|p2a: Spin5Eva|1
|-damage|p2a: Spin5Eva|0 fnt
|faint|p2a: Spin5Eva
|
|t:|1780870398
|switch|p1a: Crowbar|Crabominable-Mega, F|313\/397|[from] U-turn
|-damage|p1a: Crowbar|264\/397|[from] Stealth Rock
|
|upkeep
|c|☆EmolgaTheFlyingRat|oh i sold
|
|t:|1780870417
|switch|p2a: Spin4Eva|Cyclizar, M|100\/100
|turn|19
|
|t:|1780870448
|move|p2a: Spin4Eva|Overheat|p1a: Crowbar
|-supereffective|p1a: Crowbar|1
|-damage|p1a: Crowbar|34\/397
|-unboost|p2a: Spin4Eva|spa|2
|move|p1a: Crowbar|Drain Punch|p2a: Spin4Eva
|-supereffective|p2a: Spin4Eva|1
|-damage|p2a: Spin4Eva|0 fnt
|-heal|p1a: Crowbar|175\/397|[from] drain|[of] p2a: Spin4Eva
|faint|p2a: Spin4Eva
|
|upkeep
|
|t:|1780870455
|switch|p2a: Coqui|Greninja-Mega, F|100\/100
|turn|20
|
|t:|1780870522
|move|p2a: Coqui|Liquidation|p1a: Crowbar
|-start|p2a: Coqui|typechange|Water|[from] ability: Protean
|-damage|p1a: Crowbar|43\/397
|-unboost|p1a: Crowbar|def|1
|move|p1a: Crowbar|Ice Hammer|p2a: Coqui
|-resisted|p2a: Coqui|1
|-damage|p2a: Coqui|45\/100
|-unboost|p1a: Crowbar|spe|1
|
|upkeep
|turn|21
|c|☆EmolgaTheFlyingRat|damn
|
|t:|1780870532
|move|p1a: Crowbar|Mach Punch|p2a: Coqui
|-damage|p2a: Coqui|2\/100
|move|p2a: Coqui|Liquidation|p1a: Crowbar
|-damage|p1a: Crowbar|0 fnt
|faint|p1a: Crowbar
|
|upkeep
|c|☆EmolgaTheFlyingRat|wait
|c|☆EmolgaTheFlyingRat|bruh
|
|t:|1780870539
|switch|p1a: Big Z|Zapdos|67\/383
|turn|22
|c|☆EmolgaTheFlyingRat|ggs
|
|t:|1780870544
|move|p2a: Coqui|Liquidation|p1a: Big Z
|-damage|p1a: Big Z|0 fnt
|faint|p1a: Big Z
|
|upkeep
|
|t:|1780870545
|switch|p1a: Kip|Meloetta|84\/403 brn
|-damage|p1a: Kip|34\/403 brn|[from] Stealth Rock
|turn|23
|
|t:|1780870549
|move|p2a: Coqui|Liquidation|p1a: Kip
|-damage|p1a: Kip|0 fnt
|faint|p1a: Kip
|
|win|Mcgriddlesoe
|c|☆Mcgriddlesoe|ggs
|l| tony toucannon</script>
</div>
<div class="battle-log battle-log-inline"><div class="inner"><div class="battle-options"><div style="padding-top: 3px; padding-right: 3px; text-align: right"><button class="icon button" name="openBattleOptions" title="Options">Battle Options</button></div></div><div class="inner message-log"><div class="chat"><small>☆EmolgaTheFlyingRat and ☆Mcgriddlesoe joined</small></div><div class=""><small>Format:</small> <br><strong>[Gen 9 Champions] Draft</strong></div><div class=""><small><em>Endless Battle Clause:</em> Forcing endless battles is banned</small></div><div class=""><small><em>Species Clause:</em> Limit one of each Pokémon</small></div><div class=""><small><em>Sleep Clause Mod:</em> Limit one foe put to sleep</small></div><div class=""><small><em>OHKO Clause:</em> OHKO moves are banned</small></div><div class=""><small><em>Evasion Clause:</em> Evasion abilities, items, and moves are banned</small></div><div class=""><small><em>Evasion Abilities Clause:</em> Evasion abilities are banned</small></div><div class=""><small><em>Evasion Items Clause:</em> Evasion items are banned</small></div><div class=""><small><em>Evasion Moves Clause:</em> Evasion moves are banned</small></div><div class="chat battle-history"><strong>EmolgaTheFlyingRat's team:</strong> <em style="color:#445566;display:block;">Primarina / Blaziken / Bronzong / Zapdos / Crabominable / Meloetta</em></div><div class="chat battle-history"><strong>Mcgriddlesoe's team:</strong> <em style="color:#445566;display:block;">Cyclizar / Starmie / Greninja / Pecharunt / Torterra / Ting-Lu</em></div><div class="chat chatmessage-mcgriddlesoe"><strong style="color:#2b9c9c"><span class="username"><small class="groupsymbol">☆</small>Mcgriddlesoe</span>:</strong> <em>glhf</em></div><div class="chat chatmessage-emolgatheflyingrat mine"><strong style="color:#d32c12"><span class="username"><small class="groupsymbol">☆</small>EmolgaTheFlyingRat</span>:</strong> <em>glhf</em></div><div class="spacer battle-history"><br></div><div class="battle-history">Battle started between EmolgaTheFlyingRat and Mcgriddlesoe!<br></div><div class="spacer battle-history"><br></div><div class="battle-history">Go! Bliss (<strong>Primarina</strong>)!<br></div><div class="spacer battle-history"><br></div><div class="battle-history">Mcgriddlesoe sent out <strong>Torterra</strong>!<br></div><div class="spacer battle-history"><br></div><h2 class="battle-history">Turn 1</h2><div class="spacer battle-history"><br></div><div class="battle-history">Bliss, come back!<br></div><div class="battle-history">Go! Goldfish (<strong>Blaziken</strong>)!<br></div><div class="spacer battle-history"><br></div><div class="battle-history">The opposing Torterra used <strong>Stealth Rock</strong>!<br></div><div class="battle-history"><small>Pointed stones float in the air around your team!</small><br></div><div class="spacer battle-history"><br></div><h2 class="battle-history">Turn 2</h2><div class="spacer battle-history"><br></div><div class="battle-history">Mcgriddlesoe withdrew Torterra!<br></div><div class="battle-history">Mcgriddlesoe sent out All Earz (<strong>Pecharunt</strong>)!<br></div><div class="spacer battle-history"><br></div><div class="battle-history">Goldfish used <strong>Flare Blitz</strong>!<br></div><div class="battle-history"><small>(The opposing All Earz lost 47% of its health!)</small><br></div><div class="battle-history"><small>Goldfish was damaged by the recoil!</small><br></div><div class="battle-history"><small>Goldfish lost some of its HP!</small><br></div><div class="spacer battle-history"><br></div><div class="battle-history">[Goldfish's Speed Boost]<br></div><div class="battle-history"><small>Goldfish's Speed rose!</small><br></div><div class="spacer battle-history"><br></div><h2 class="battle-history">Turn 3</h2><div class="spacer battle-history"><br></div><div class="battle-history">Goldfish used <strong>Swords Dance</strong>!<br></div><div class="battle-history"><small>Goldfish's Attack rose sharply!</small><br></div><div class="spacer battle-history"><br></div><div class="battle-history">The opposing All Earz used <strong>Recover</strong>!<br></div><div class="battle-history"><small>The opposing All Earz had its HP restored.</small><br></div><div class="spacer battle-history"><br></div><div class="battle-history">[Goldfish's Speed Boost]<br></div><div class="battle-history"><small>Goldfish's Speed rose!</small><br></div><div class="spacer battle-history"><br></div><h2 class="battle-history">Turn 4</h2><div class="spacer battle-history"><br></div><div class="battle-history">Goldfish used <strong>Flare Blitz</strong>!<br></div><div class="battle-history"><small>(The opposing All Earz lost 97% of its health!)</small><br></div><div class="battle-history"><small>Goldfish was damaged by the recoil!</small><br></div><div class="battle-history"><small>Goldfish lost some of its HP!</small><br></div><div class="spacer battle-history"><br></div><div class="battle-history">The opposing All Earz used <strong>Malignant Chain</strong>!<br></div><div class="battle-history"><small>(Goldfish lost <abbr title="−99/349">28.4%</abbr> of its health!)</small><br></div><div class="spacer battle-history"><br></div><div class="battle-history">Goldfish fainted!<br></div><div class="spacer battle-history"><br></div><div class="battle-history">Go! Big Z (<strong>Zapdos</strong>)!<br></div><div class="spacer battle-history"><br></div><h2 class="battle-history">Turn 5</h2><div class="spacer battle-history"><br></div><div class="battle-history">The opposing All Earz used <strong>Parting Shot</strong>!<br></div><div class="battle-history"><small>Big Z's Attack fell!</small><br></div><div class="battle-history"><small>Big Z's Sp. Atk fell!</small><br></div><div class="spacer battle-history"><br></div><div class="battle-history">The opposing All Earz went back to Mcgriddlesoe!<br></div><div class="battle-history">Mcgriddlesoe sent out Ting-Lucifer (<strong>Ting-Lu</strong>)!<br></div><div class="battle-history">[The opposing Ting-Lucifer's Vessel of Ruin]<br><small>The opposing Ting-Lucifer's Vessel of Ruin weakened the Sp. Atk of all surrounding Pokémon!</small><br></div><div class="spacer battle-history"><br></div><div class="battle-history">Big Z used <strong>Hurricane</strong>!<br></div><div class="battle-history"><small>(The opposing Ting-Lucifer lost 16% of its health!)</small><br></div><div class="spacer battle-history"><br></div><h2 class="battle-history">Turn 6</h2><div class="spacer battle-history"><br></div><div class="battle-history">Mcgriddlesoe withdrew Ting-Lucifer!<br></div><div class="battle-history">Mcgriddlesoe sent out All Earz (<strong>Pecharunt</strong>)!<br></div><div class="spacer battle-history"><br></div><div class="battle-history">Big Z used <strong>U-turn</strong>!<br></div><div class="battle-history"><small>It's mostly ineffective...</small><br></div><div class="battle-history"><small>(The opposing All Earz lost 1% of its health!)</small><br></div><div class="chat"><small> tony toucannon joined</small></div><div class="spacer battle-history"><br></div><div class="battle-history">Big Z went back to EmolgaTheFlyingRat!<br></div><div class="battle-history">Go! Kip (<strong>Meloetta</strong>)!<br></div><div class="battle-history"><small>Pointed stones dug into Kip!</small><br></div><div class="spacer battle-history"><br></div><h2 class="battle-history">Turn 7</h2><div class="spacer battle-history"><br></div><div class="battle-history">The opposing All Earz used <strong>Malignant Chain</strong>!<br></div><div class="battle-history"><small>(Kip lost <abbr title="−60/403">14.9%</abbr> of its health!)</small><br></div><div class="spacer battle-history"><br></div><div class="battle-history">Kip used <strong>Knock Off</strong>!<br></div><div class="battle-history"><small>It's super effective!</small><br></div><div class="battle-history"><small>(The opposing All Earz ate its Colbur Berry!)</small><br></div><div class="battle-history"><small>The Colbur Berry weakened the damage to the opposing All Earz!</small><br></div><div class="battle-history"><small>(The opposing All Earz lost 2% of its health!)</small><br></div><div class="spacer battle-history"><br></div><div class="battle-history">The opposing All Earz fainted!<br></div><div class="spacer battle-history"><br></div><div class="battle-history">Mcgriddlesoe sent out <strong>Torterra</strong>!<br></div><div class="spacer battle-history"><br></div><h2 class="battle-history">Turn 8</h2><div class="spacer battle-history"><br></div><div class="battle-history">Kip, come back!<br></div><div class="battle-history">Go! Umpire (<strong>Bronzong</strong>)!<br></div><div class="spacer battle-history"><br></div><div class="battle-history">The opposing Torterra used <strong>Shell Smash</strong>!<br></div><div class="battle-history"><small>The opposing Torterra's Defense fell!</small><br></div><div class="battle-history"><small>The opposing Torterra's Sp. Def fell!</small><br></div><div class="battle-history"><small>The opposing Torterra's Attack rose sharply!</small><br></div><div class="battle-history"><small>The opposing Torterra's Sp. Atk rose sharply!</small><br></div><div class="battle-history"><small>The opposing Torterra's Speed rose sharply!</small><br></div><div class="battle-history"><small>The opposing Torterra returned its stats to normal using its White Herb!</small><br></div><div class="spacer battle-history"><br></div><h2 class="battle-history">Turn 9</h2><div class="spacer battle-history"><br></div><div class="battle-history">The opposing Torterra used <strong>Wood Hammer</strong>!<br></div><div class="battle-history"><small>It's not very effective...</small><br></div><div class="battle-history"><small>(Umpire lost <abbr title="−161/338">47.6%</abbr> of its health!)</small><br></div><div class="battle-history"><small>The opposing Torterra was damaged by the recoil!</small><br></div><div class="spacer battle-history"><br></div><div class="battle-history">Umpire used <strong>Trick Room</strong>!<br></div><div class="battle-history"><small>Umpire twisted the dimensions!</small><br></div><div class="spacer battle-history"><br></div><h2 class="battle-history">Turn 10</h2><div class="spacer battle-history"><br></div><div class="battle-history">Umpire used <strong>Body Press</strong>!<br></div><div class="battle-history"><small>(The opposing Torterra lost 22% of its health!)</small><br></div><div class="spacer battle-history"><br></div><div class="battle-history">The opposing Torterra used <strong>Wood Hammer</strong>!<br></div><div class="battle-history"><small>It's not very effective...</small><br></div><div class="battle-history"><small>(Umpire lost <abbr title="−147/338">43.5%</abbr> of its health!)</small><br></div><div class="battle-history"><small>The opposing Torterra was damaged by the recoil!</small><br></div><div class="spacer battle-history"><br></div><h2 class="battle-history">Turn 11</h2><div class="spacer battle-history"><br></div><div class="battle-history">Umpire used <strong>Body Press</strong>!<br></div><div class="battle-history"><small>(The opposing Torterra lost 21% of its health!)</small><br></div><div class="spacer battle-history"><br></div><div class="battle-history">The opposing Torterra used <strong>Wood Hammer</strong>!<br></div><div class="battle-history"><small>It's not very effective...</small><br></div><div class="battle-history"><small>(Umpire lost <abbr title="−30/338">8.9%</abbr> of its health!)</small><br></div><div class="spacer battle-history"><br></div><div class="battle-history">Umpire fainted!<br></div><div class="battle-history"><small>The opposing Torterra was damaged by the recoil!</small><br></div><div class="spacer battle-history"><br></div><div class="battle-history">Go! Bliss (<strong>Primarina</strong>)!<br></div><div class="battle-history"><small>Pointed stones dug into Bliss!</small><br></div><div class="spacer battle-history"><br></div><h2 class="battle-history">Turn 12</h2><div class="spacer battle-history"><br></div><div class="battle-history">Bliss used <strong>Moonblast</strong>!<br></div><div class="battle-history"><small>(The opposing Torterra lost 24% of its health!)</small><br></div><div class="spacer battle-history"><br></div><div class="battle-history">The opposing Torterra fainted!<br></div><div class="spacer battle-history"><br></div><div class="battle-history">Mcgriddlesoe sent out Ting-Lucifer (<strong>Ting-Lu</strong>)!<br></div><div class="battle-history">[The opposing Ting-Lucifer's Vessel of Ruin]<br><small>The opposing Ting-Lucifer's Vessel of Ruin weakened the Sp. Atk of all surrounding Pokémon!</small><br></div><div class="spacer battle-history"><br></div><h2 class="battle-history">Turn 13</h2><div class="spacer battle-history"><br></div><div class="battle-history">Bliss used <strong>Moonblast</strong>!<br></div><div class="battle-history"><small>It's super effective!</small><br></div><div class="battle-history"><small>(The opposing Ting-Lucifer lost 84% of its health!)</small><br></div><div class="spacer battle-history"><br></div><div class="battle-history">The opposing Ting-Lucifer fainted!<br></div><div class="spacer battle-history"><br></div><div class="battle-history"><small>The twisted dimensions returned to normal!</small><br></div><div class="chat chatmessage-emolgatheflyingrat mine"><strong style="color:#d32c12"><span class="username"><small class="groupsymbol">☆</small>EmolgaTheFlyingRat</span>:</strong> <em>jesus</em></div><div class="spacer battle-history"><br></div><div class="battle-history">Mcgriddlesoe sent out Coqui (<strong>Greninja</strong>)!<br></div><div class="spacer battle-history"><br></div><h2 class="battle-history">Turn 14</h2><div class="spacer battle-history"><br></div><div class="battle-history"><small>The opposing Coqui's Greninjite is reacting to the Key Stone!</small><br>The opposing Coqui has Mega Evolved into Mega Greninja!<br></div><div class="spacer battle-history"><br></div><div class="battle-history">The opposing Coqui used <strong>Gunk Shot</strong>!<br></div><div class="spacer battle-history"><br></div><div class="battle-history">[The opposing Coqui's Protean]<br><small>The opposing Coqui's type changed to Poison!</small><br></div><div class="battle-history"><small>It's super effective!</small><br></div><div class="battle-history"><small>(Bliss lost <abbr title="−318/363">87.6%</abbr> of its health!)</small><br></div><div class="spacer battle-history"><br></div><div class="battle-history">Bliss fainted!<br></div><div class="spacer battle-history"><br></div><div class="battle-history">Go! Crowbar (<strong>Crabominable</strong>)!<br></div><div class="battle-history"><small>Pointed stones dug into Crowbar!</small><br></div><div class="spacer battle-history"><br></div><h2 class="battle-history">Turn 15</h2><div class="spacer battle-history"><br></div><div class="battle-history"><small>Crowbar's Crabominite is reacting to the Key Stone!</small><br>Crowbar has Mega Evolved into Mega Crabominable!<br></div><div class="spacer battle-history"><br></div><div class="battle-history">The opposing Coqui used <strong>U-turn</strong>!<br></div><div class="battle-history"><small>It's not very effective...</small><br></div><div class="battle-history"><small>(Crowbar lost <abbr title="−35/397">8.8%</abbr> of its health!)</small><br></div><div class="spacer battle-history"><br></div><div class="battle-history">The opposing Coqui went back to Mcgriddlesoe!<br></div><div class="battle-history">Mcgriddlesoe sent out Spin5Eva (<strong>Starmie</strong>)!<br></div><div class="spacer battle-history"><br></div><div class="battle-history">Crowbar used <strong>Earthquake</strong>!<br></div><div class="battle-history"><small>(The opposing Spin5Eva lost 62% of its health!)</small><br></div><div class="spacer battle-history"><br></div><h2 class="battle-history">Turn 16</h2><div class="spacer battle-history"><br></div><div class="battle-history">Crowbar, come back!<br></div><div class="battle-history">Go! Kip (<strong>Meloetta</strong>)!<br></div><div class="battle-history"><small>Pointed stones dug into Kip!</small><br></div><div class="spacer battle-history"><br></div><div class="battle-history">The opposing Spin5Eva used <strong>Meteor Beam</strong>!<br></div><div class="battle-history">The opposing Spin5Eva is overflowing with space power!<br></div><div class="battle-history"><small>The opposing Spin5Eva's Sp. Atk rose!</small><br></div><div class="battle-history"><small>The opposing Spin5Eva became fully charged due to its Power Herb!</small><br></div><div class="battle-history"><small>(Kip lost <abbr title="−86/403">21.3%</abbr> of its health!)</small><br></div><div class="spacer battle-history"><br></div><h2 class="battle-history">Turn 17</h2><div class="spacer battle-history"><br></div><div class="battle-history">The opposing Spin5Eva used <strong>Scald</strong>!<br></div><div class="battle-history"><small>(Kip lost <abbr title="−73/403">18.1%</abbr> of its health!)</small><br></div><div class="battle-history"><small>Kip was burned!</small><br></div><div class="spacer battle-history"><br></div><div class="battle-history">Kip used <strong>U-turn</strong>!<br></div><div class="battle-history"><small>It's super effective!</small><br></div><div class="battle-history"><small>(The opposing Spin5Eva lost 16% of its health!)</small><br></div><div class="spacer battle-history"><br></div><div class="battle-history">Kip went back to EmolgaTheFlyingRat!<br></div><div class="battle-history">Go! Big Z (<strong>Zapdos</strong>)!<br></div><div class="spacer battle-history"><br></div><h2 class="battle-history">Turn 18</h2><div class="spacer battle-history"><br></div><div class="battle-history">The opposing Spin5Eva used <strong>Ice Beam</strong>!<br></div><div class="battle-history"><small>It's super effective!</small><br></div><div class="battle-history"><small>(Big Z lost <abbr title="−316/383">82.5%</abbr> of its health!)</small><br></div><div class="spacer battle-history"><br></div><div class="battle-history">Big Z used <strong>U-turn</strong>!<br></div><div class="battle-history"><small>It's super effective!</small><br></div><div class="battle-history"><small>(The opposing Spin5Eva lost 22% of its health!)</small><br></div><div class="spacer battle-history"><br></div><div class="battle-history">The opposing Spin5Eva fainted!<br></div><div class="spacer battle-history"><br></div><div class="battle-history">Big Z went back to EmolgaTheFlyingRat!<br></div><div class="battle-history">Go! Crowbar (<strong>Crabominable-Mega</strong>)!<br></div><div class="battle-history"><small>Pointed stones dug into Crowbar!</small><br></div><div class="chat chatmessage-emolgatheflyingrat mine"><strong style="color:#d32c12"><span class="username"><small class="groupsymbol">☆</small>EmolgaTheFlyingRat</span>:</strong> <em>oh i sold</em></div><div class="spacer battle-history"><br></div><div class="battle-history">Mcgriddlesoe sent out Spin4Eva (<strong>Cyclizar</strong>)!<br></div><div class="spacer battle-history"><br></div><h2 class="battle-history">Turn 19</h2><div class="spacer battle-history"><br></div><div class="battle-history">The opposing Spin4Eva used <strong>Overheat</strong>!<br></div><div class="battle-history"><small>It's super effective!</small><br></div><div class="battle-history"><small>(Crowbar lost <abbr title="−230/397">57.9%</abbr> of its health!)</small><br></div><div class="battle-history"><small>The opposing Spin4Eva's Sp. Atk fell harshly!</small><br></div><div class="spacer battle-history"><br></div><div class="battle-history">Crowbar used <strong>Drain Punch</strong>!<br></div><div class="battle-history"><small>It's super effective!</small><br></div><div class="battle-history"><small>(The opposing Spin4Eva lost 100% of its health!)</small><br></div><div class="battle-history"><small>The opposing Spin4Eva had its energy drained!</small><br></div><div class="spacer battle-history"><br></div><div class="battle-history">The opposing Spin4Eva fainted!<br></div><div class="spacer battle-history"><br></div><div class="battle-history">Mcgriddlesoe sent out Coqui (<strong>Greninja-Mega</strong>)!<br></div><div class="spacer battle-history"><br></div><h2 class="battle-history">Turn 20</h2><div class="spacer battle-history"><br></div><div class="battle-history">The opposing Coqui used <strong>Liquidation</strong>!<br></div><div class="spacer battle-history"><br></div><div class="battle-history">[The opposing Coqui's Protean]<br><small>The opposing Coqui's type changed to Water!</small><br></div><div class="battle-history"><small>(Crowbar lost <abbr title="−132/397">33.2%</abbr> of its health!)</small><br></div><div class="battle-history"><small>Crowbar's Defense fell!</small><br></div><div class="spacer battle-history"><br></div><div class="battle-history">Crowbar used <strong>Ice Hammer</strong>!<br></div><div class="battle-history"><small>It's not very effective...</small><br></div><div class="battle-history"><small>(The opposing Coqui lost 55% of its health!)</small><br></div><div class="battle-history"><small>Crowbar's Speed fell!</small><br></div><div class="spacer battle-history"><br></div><h2 class="battle-history">Turn 21</h2><div class="chat chatmessage-emolgatheflyingrat mine"><strong style="color:#d32c12"><span class="username"><small class="groupsymbol">☆</small>EmolgaTheFlyingRat</span>:</strong> <em>damn</em></div><div class="spacer battle-history"><br></div><div class="battle-history">Crowbar used <strong>Mach Punch</strong>!<br></div><div class="battle-history"><small>(The opposing Coqui lost 43% of its health!)</small><br></div><div class="spacer battle-history"><br></div><div class="battle-history">The opposing Coqui used <strong>Liquidation</strong>!<br></div><div class="battle-history"><small>(Crowbar lost <abbr title="−43/397">10.8%</abbr> of its health!)</small><br></div><div class="spacer battle-history"><br></div><div class="battle-history">Crowbar fainted!<br></div><div class="chat chatmessage-emolgatheflyingrat mine"><strong style="color:#d32c12"><span class="username"><small class="groupsymbol">☆</small>EmolgaTheFlyingRat</span>:</strong> <em>wait</em></div><div class="chat chatmessage-emolgatheflyingrat mine"><strong style="color:#d32c12"><span class="username"><small class="groupsymbol">☆</small>EmolgaTheFlyingRat</span>:</strong> <em>bruh</em></div><div class="spacer battle-history"><br></div><div class="battle-history">Go! Big Z (<strong>Zapdos</strong>)!<br></div><div class="spacer battle-history"><br></div><h2 class="battle-history">Turn 22</h2><div class="chat chatmessage-emolgatheflyingrat mine"><strong style="color:#d32c12"><span class="username"><small class="groupsymbol">☆</small>EmolgaTheFlyingRat</span>:</strong> <em>ggs</em></div><div class="spacer battle-history"><br></div><div class="battle-history">The opposing Coqui used <strong>Liquidation</strong>!<br></div><div class="battle-history"><small>(Big Z lost <abbr title="−67/383">17.5%</abbr> of its health!)</small><br></div><div class="spacer battle-history"><br></div><div class="battle-history">Big Z fainted!<br></div><div class="spacer battle-history"><br></div><div class="battle-history">Go! Kip (<strong>Meloetta</strong>)!<br></div><div class="battle-history"><small>Pointed stones dug into Kip!</small><br></div><div class="spacer battle-history"><br></div><h2 class="battle-history">Turn 23</h2><div class="spacer battle-history"><br></div><div class="battle-history">The opposing Coqui used <strong>Liquidation</strong>!<br></div><div class="battle-history"><small>(Kip lost <abbr title="−34/403">8.4%</abbr> of its health!)</small><br></div><div class="spacer battle-history"><br></div><div class="battle-history">Kip fainted!<br></div><div class="spacer battle-history"><br></div><div class="battle-history"><strong>Mcgriddlesoe</strong> won the battle!<br></div><div class="chat chatmessage-mcgriddlesoe"><strong style="color:#2b9c9c"><span class="username"><small class="groupsymbol">☆</small>Mcgriddlesoe</span>:</strong> <em>ggs</em></div><div class="chat"><small> tony toucannon left</small></div></div><div class="inner-preempt message-log"></div></div></div>
</div>
<script>
let daily = Math.floor(Date.now()/1000/60/60/24);document.write('<script src="https://play.pokemonshowdown.com/js/replay-embed.js?version'+daily+'"></'+'script>');
</script>
